
@string{w3c = {World Wide Web consortium}}


@book{KlementMesiarPap:2000aa,
	Author = {Erich Peter Klement and Radko Mesiar and Endre Pap},
	Date-Added = {2010-10-12 16:36:31 +0200},
	Date-Modified = {2012-01-10 12:32:30 +0000},
	Publisher = {Kluwer Academic Publishers},
	Series = {Trends in Logic - Studia Logica Library},
	Title = {{Triangular Norms}},
	Year = {2000}}

@proceedings{DBLP:conf/semweb/2010-1,
	Booktitle = {{International Semantic Web Conference (1)}},
	Editor = {Peter F. Patel-Schneider and Yue Pan and Pascal Hitzler and Peter Mika and Lei Zhang and Jeff Z. Pan and Ian Horrocks and Birte Glimm},
	Isbn = {978-3-642-17745-3},
	Publisher = {Springer},
	Series = {Lecture Notes in Computer Science},
	Title = {{The Semantic Web - ISWC 2010 - 9th International Semantic Web Conference, ISWC 2010, Shanghai, China, November 7-11, 2010, Revised Selected Papers, Part I}},
	Volume = {6496},
	Year = {2010}}

@inproceedings{LopesPolleresStraccia:2010aa,
	Author = {Nuno Lopes and Axel Polleres and Umberto Straccia and Antoine Zimmermann},
	Booktitle = {{International Semantic Web Conference (1)}},
	Crossref = {DBLP:conf/semweb/2010-1},
	Date-Added = {2012-09-27 20:19:00 +0000},
	Date-Modified = {2012-09-27 20:19:14 +0000},
	Pages = {518--533},
	Title = {{AnQL: SPARQLing Up Annotated RDFS}},
	Year = {2010}}


@inproceedings{BunemanKostylev:2010aa,
	Author = {Peter Buneman and Egor Kostylev},
	Booktitle = {{The Second International Workshop on the role of Semantic Web in Provenance Management (SWPM-10)}},
	Date-Added = {2010-10-12 15:42:51 +0200},
	Date-Modified = {2012-01-10 12:32:30 +0000},
	Publisher = {CEUR Workshop Proceedings},
	Title = {{Annotation Algebras for RDFS}},
	Year = {2010}}

@inproceedings{KarvounarakisIvesTannen:2010aa,
	Author = {Grigoris Karvounarakis and Zachary G. Ives and Val Tannen},
	Crossref = {ElmagarmidAgrawal:2010aa},
	Date-Modified = {2012-01-10 12:32:30 +0000},
	Pages = {951--962},
	Title = {{Querying data provenance}},
	Year = {2010}}

@inproceedings{GreenKarvounarakisTannen:2007aa,
	Author = {Todd J. Green and Gregory Karvounarakis and Val Tannen},
	Crossref = {Libkin:2007aa},
	Date-Modified = {2012-01-10 12:32:30 +0000},
	Pages = {31--40},
        Year = 2007,
	Title = {{Provenance Semirings}}}

@inproceedings{BaaderKnechtelPenaloza:2009aa,
	Author = {Franz Baader and Martin Knechtel and Rafael Pe{\~n}aloza},
	Crossref = {BernsteinKargerHeath:2009aa},
	Date-Modified = {2012-01-10 12:32:30 +0000},
	Pages = {49--64},
	Title = {{A Generic Approach for Large-Scale Ontological Reasoning in the Presence of Access Restrictions to the Ontology's Axioms}}}

@inproceedings{Hartig:2009aa,
	Author = {Olaf Hartig},
	Crossref = {BizerHeathBerners-Lee:2009aa},
	Date-Modified = {2012-01-10 12:32:30 +0000},
	Title = {{Provenance Information in the Web of Data}}}

@inproceedings{FlourisFundulakiPediaditis:2009aa,
	Author = {Giorgos Flouris and Irini Fundulaki and Panagiotis Pediaditis and Yannis Theoharis and Vassilis Christophides},
	Crossref = {BernsteinKargerHeath:2009aa},
	Date-Modified = {2012-01-10 12:32:30 +0000},
	Pages = {196--212},
	Title = {{Coloring RDF Triples to Capture Provenance}}}

@inproceedings{CarrollBizerHayes:2005ab,
	Author = {Jeremy Carroll and Christian Bizer and Patrick J. Hayes and Patrick Stickler},
	Crossref = {EllisHagino:2005aa},
	Date-Modified = {2012-01-10 12:32:30 +0000},
	Pages = {613--622},
	Title = {{Named Graphs, Provenance and Trust}}}

@inproceedings{DelbruPolleresTummarello:2008aa,
	Author = {Renaud Delbru and Axel Polleres and Giovanni Tummarello and Stefan Decker},
	Crossref = {FokoueGuoLiebig:2008aa},
	Date-Modified = {2012-01-10 12:32:30 +0000},
	Title = {{Context Dependent Reasoning for Semantic Documents in Sindice}}}

@inproceedings{StracciaLopesLukacsy:2010aa,
	Author = {Umberto Straccia and Nuno Lopes and Gergely Luk{\'a}csy and Axel Polleres},
	Crossref = {FoxPoole:2010aa},
	Month = jul,
	Title = {{A General Framework for Representing and Reasoning with Annotated Semantic Web Data}},
	Year = {2010}}

@inproceedings{UdreaRecuperoSubrahmanian:2006aa,
	Author = {Octavian Udrea and Diego Reforgiato Recupero and V. S. Subrahmanian},
	Booktitle = {{The Semantic Web: Research and Applications, 3rd European Semantic Web Conference, ESWC 2006}},
	Date-Modified = {2012-01-10 12:32:30 +0000},
	Number = {4011},
	Pages = {487--501},
	Publisher = {{Springer}},
	Series = {{Lecture Notes in Computer Science}},
	Title = {{Annotated RDF}},
	Year = {2006}}

@article{UdreaRecuperoSubrahmanian:2010aa,
	Author = {Udrea, Octavian and Recupero, Diego Reforgiato and Subrahmanian, V. S.},
	Date-Modified = {2012-01-10 12:32:30 +0000},
	Journal = {ACM Transactions on Computational Logic},
	Number = {2},
	Pages = {1--41},
	Title = {{Annotated RDF}},
	Volume = {11},
	Year = {2010}}

@article{DividinoSizovStaab:2009aa,
	Author = {Renata Queiroz Dividino and Sergej Sizov and Steffen Staab and Bernhard Schueler},
	Date-Modified = {2012-01-10 12:32:30 +0000},
	Journal = {Journal of Web Semantics},
	Number = {3},
	Pages = {204--219},
	Title = {{Querying for Provenance, Trust, Uncertainty and other Meta Knowledge in RDF}},
	Volume = {7},
	Year = {2009}}

@inproceedings{MazzieriDragoni:2005aa,
	Author = {Mauro Mazzieri and Aldo Franco Dragoni},
	Crossref = {CostaLaskeyLaskey:2005aa},
	Date-Modified = {2012-01-10 12:32:30 +0000},
	Pages = {12--22},
	Title = {{A Fuzzy Semantics for Semantic Web Languages}},
	Year = {2005}}

@inproceedings{Mazzieri:2004aa,
	Address = {Ancona, Italy},
	Author = {Mauro Mazzieri},
	Booktitle = {{1st Workshop on Semantic Web Applications and Perspectives (SWAP2004)}},
	Date-Modified = {2012-01-10 12:32:30 +0000},
	Month = dec,
	Pages = {83--89},
	Title = {{A Fuzzy RDF Semantics to Represent Trust Metadata}},
	Year = {2004}}

@inproceedings{MazzieriDragoni:2008aa,
	Author = {Mauro Mazzieri and Aldo Franco Dragoni},
	Booktitle = {{Uncertainty Reasoning for the Semantic Web I, ISWC International Workshops, URSW 2005-2007, Revised Selected and Invited Papers}},
	Date-Modified = {2012-01-10 12:32:30 +0000},
	Number = {5327},
	Pages = {244--261},
	Publisher = {{Springer}},
	Series = {{Lecture Notes in Computer Science}},
	Title = {{A Fuzzy Semantics for the Resource Description Framework}},
	Year = {2008}}

@inproceedings{PuglieseUdreaSubrahmanian:2008aa,
	Author = {Andrea Pugliese and Octavian Udrea and V. S. Subrahmanian},
	Crossref = {HuaiChenHon:2008aa},
	Date-Modified = {2012-01-10 12:32:30 +0000},
	Pages = {605--614},
	Title = {{Scaling RDF with time}}}

@book{Hajek:1998aa,
	Author = {H{\'a}jek, Petr},
	Date-Modified = {2012-01-10 12:32:30 +0000},
	Isbn = {0-7923-5238-6},
	Publisher = {KluwerAcademic Publisher},
	Series = {Trends in Logic},
	Title = {{Metamathematics of Fuzzy Logic}},
	Year = {1998}}

@inproceedings{Straccia:2009aa,
	Author = {Umberto Straccia},
	Crossref = {PolleresSwift:2009aa},
	Date-Modified = {2012-01-10 12:32:30 +0000},
	Pages = {166--181},
	Title = {{A Minimal Deductive System for General Fuzzy RDF}}}

@incollection{AbramskyJung:1994aa,
	Author = {Samson Abramsky and Achim Jung},
	Crossref = {AbramskyGabbayMaibaum:1994aa},
	Date-Modified = {2012-01-10 12:32:30 +0000},
	Pages = {1--168},
	Title = {{Domain Theory}}}

@article{KiferSubrahmanian:1992aa,
	Author = {Kifer, Michael and Subrahmanian, V. S.},
	Date-Modified = {2012-01-10 12:32:30 +0000},
	Journal = {Journal of Logic Programming},
	Pages = {335--367},
	Title = {{Theory of Generalized Annotated Logic Programming and its Applications}},
	Volume = {12},
	Year = {1992}}

@misc{CyganiakHarthHogan:2009aa,
	Author = {Richard Cyganiak and Andreas Harth and Aidan Hogan},
	Date-Modified = {2012-01-10 12:32:30 +0000},
	Institution = {DERI},
	Title = {{N-Quads: Enxtending N-Triples with Context}},
	Url = {http://sw.deri.org/2008/07/n-quads/},
	Urldate = {2012-03-27},
	Year = {2009}}

@inproceedings{TappoletBernstein:2009aa,
	Author = {Jonas Tappolet and Abraham Bernstein},
	Crossref = {AroyoTraversoCiravegna:2009aa},
	Date-Modified = {2012-01-10 12:32:30 +0000},
	Pages = {308--322},
	Title = {{Applied Temporal RDF: Efficient Temporal Querying of RDF Data with SPARQL}}}

@article{GutierrezHurtadoVaisman:2007aa,
	Author = {Claudio Guti{\'e}rrez and Carlos A. Hurtado and Alejandro A. Vaisman},
	Date-Modified = {2012-01-10 12:32:30 +0000},
	Journal = {IEEE Transactions on Knowledge and Data Engineering},
	Number = {2},
	Pages = {207--218},
	Title = {{Introducing Time into RDF}},
	Volume = {19},
	Year = {2007}}

@article{Allen:1983aa,
	Author = {James F. Allen},
	Date-Modified = {2012-01-10 12:32:30 +0000},
	Journal = {Communications of the ACM},
	Number = {11},
	Pages = {832--843},
	Title = {{Maintaining Knowledge about Temporal Intervals}},
	Volume = {26},
	Year = {1983}}

@techreport{PetersonGaoMalhotra:2012aa,
	Editor = {David Peterson and Shudi (Sandy) Gao and Ashok Malhotra and C. M. Sperberg-McQueen and Henry S. Thompson},
	Date-Modified = {2012-01-10 12:32:30 +0000},
	Institution = {{W3C Proposed Recommendation}},
	Month = apr,
	Title = {{W3C XML Schema Definition Language (XSD) 1.1 Part 2: Datatypes}},
	Type = {{Proposed Recommendation}},
	Url = {http://www.w3.org/TR/2012/REC-xmlschema11-2-20120405/},
	Urldate = {2012-09-27},
	Year = {2012}}

@inproceedings{MunozPerezGutierrez:2007aa,
	Author = {Sergio Mu{\~n}oz and Jorge P{\'e}rez and Claudio Guti{\'e}rrez},
	Crossref = {FranconiKiferMay:2007aa},
	Date-Modified = {2012-01-10 12:32:30 +0000},
	Pages = {53--67},
	Title = {{Minimal Deductive Systems for RDF}}}

@article{MunozPerezGutierrez:2009aa,
	Author = {Sergio Mu{\~n}oz and Jorge P{\'e}rez and Claudio Guti{\'e}rrez},
	Journal = {Journal of Web Semantics},
	Number = {3},
	Pages = {220--234},
	Title = {{Simple and Efficient Minimal RDFS}},
	Volume = {7},
	Year = {2009}}

@article{CarrollBizerHayes:2005aa,
	Author = {Jeremy J. Carroll and Christian Bizer and Patrick J. Hayes and Patrick Stickler},
	Date-Modified = {2012-01-10 12:32:30 +0000},
	Journal = {Journal of Web Semantics},
	Number = {4},
	Pages = {247--267},
	Title = {{Named graphs}},
	Volume = {3},
	Year = {2005}}

@inproceedings{IanniKrennwallnerMartello:2009aa,
	Author = {Giovambattista Ianni and Thomas Krennwallner and Alessandra Martello and Axel Polleres},
	Crossref = {BernsteinKargerHeath:2009aa},
	Date-Modified = {2012-01-10 12:32:30 +0000},
	Pages = {310--327},
	Title = {{Dynamic Querying of Mass-Storage RDF Data with Rule-Based Entailment Regimes}}}

@inproceedings{KnechtelPenaloza:2010aa,
	Author = {Martin Knechtel and Rafael Pe{\~n}aloza},
	Crossref = {AroyoAntoniouHyvonen:2010aa},
	Date-Modified = {2012-01-10 12:32:30 +0000},
	Pages = {167--182},
	Title = {{A Generic Approach for Correcting Access Restrictions to a Consequence}}}

@proceedings{BernsteinKargerHeath:2009aa,
	Booktitle = {{The Semantic Web - ISWC 2009, 8th International Semantic Web Conference}},
	Date-Modified = {2012-01-10 12:32:30 +0000},
	Editor = {Abraham Bernstein and David R. Karger and Tom Heath and Lee Feigenbaum and Diana Maynard and Enrico Motta and Krishnaprasad Thirunarayan},
	Isbn = {978-3-642-04929-3},
	Publisher = {{Springer}},
	Series = {{Lecture Notes in Computer Science}},
	Volume = {5823},
	Year = {2009}}

@inproceedings{Hartig:2009ab,
	Author = {Olaf Hartig},
	Crossref = {AroyoTraversoCiravegna:2009aa},
	Date-Modified = {2012-01-10 12:32:30 +0000},
	Pages = {5--20},
	Title = {{Querying Trust in RDF Data with tSPARQL}}}

@inproceedings{Schenk:2008aa,
	Author = {Simon Schenk},
	Booktitle = {{Proceedings of 7th International Semantic Web Conference (ISWC'2008)}},
	Date-Modified = {2012-01-10 12:32:30 +0000},
	Pages = {533--549},
	Title = {{On the Semantics of Trust and Caching in the Semantic Web}},
	Year = {2008}}

@article{WielemakerHuangvan-der-Meij:2008aa,
	Author = {Jan Wielemaker and Zhisheng Huang and Lourens {van der Meij}},
	Date-Modified = {2012-01-10 12:32:30 +0000},
	Journal = {{Theory and Practice of Logic Programming}},
	Number = {3},
	Pages = {363--392},
	Title = {{SWI-Prolog and the Web}},
	Volume = {8},
	Year = {2008}}

@misc{BeckettBerners-Lee:2008aa,
	Author = {David Beckett and Tim Berners-Lee},
	Date-Modified = {2012-01-10 12:32:30 +0000},
	Month = mar,
	Title = {{Turtle - Terse RDF Triple Language}},
	Type = {{W3C Team Submission}},
	Url = {http://www.w3.org/TeamSubmission/2011/SUBM-turtle-20110328/},
	Urldate = {2012-03-27},
	Year = {2011}}

@techreport{Connolly:2007aa,
	Editor = {Dan Connolly},
	Date-Added = {2007-12-06 08:29:40 +0000},
	Date-Modified = {2012-01-10 12:32:30 +0000},
	Institution = {{W3C Recommendation}},
	Month = sep,
	Title = {{Gleaning Resource Descriptions from Dialects of Languages (GRDDL)}},
	Type = {{W3C Recommendation}},
	Url = {http://www.w3.org/TR/2007/REC-grddl-20070911/},
	Urldate = {2012-03-27},
	Year = {2007}}

@misc{BrickleyMiller:2007aa,
	Author = {Dan Brickley and Libby Miller},
	Date-Modified = {2012-01-10 12:32:30 +0000},
	Day = 09,
	Month = aug,
	Title = {{FOAF Vocabulary Specification}},
	Url = {http://xmlns.com/foaf/spec/20100809.html},
	Urldate = {2012-03-27},
	Year = 2010}

@techreport{FarrellLausen:2007aa,
	Editor = {Joel Farrell and Holger Lausen},
	Date-Modified = {2012-01-10 12:32:30 +0000},
	Day = 28,
	Editor = {Joel Farrell and Holger Lausen},
	Institution = {{W3C Recommendation}},
	Key = {Semantic Annotations for WSDL},
	Month = aug,
	Title = {{Semantic Annotations for WSDL and XML Schema}},
	Type = {{W3C Recommendation}},
	Url = {http://www.w3.org/TR/2007/REC-sawsdl-20070828/},
	Urldate = {2012-03-27},
	Year = {2007}}

@techreport{ChinniciMoreauRyman:2007aa,
	Editor = {Roberto Chinnici and Jean-Jacques Moreau and Arthur Ryman and Sanjiva Weerawarana},
	Day = 26,
	Institution = {{W3C Recommendation}},
	Month = jun,
	Title = {{Web Services Description Language (WSDL) Version 2.0 Part 1: Core Language}},
	Type = {{W3C Recommendation}},
	Url = {http://www.w3.org/TR/2007/REC-wsdl20-20070626/},
	Urldate = {2012-03-27},
	Year = {2007}}

@article{KopeckyVitvarBournez:2007aa,
	Author = {Jacek Kopeck{\'y} and Tomas Vitvar and Carine Bournez and Joel Farrell},
	Date-Modified = {2012-01-10 12:32:30 +0000},
	Ee = {http://doi.ieeecomputersociety.org/10.1109/MIC.2007.134},
	Journal = {IEEE Internet Computing},
	Number = {6},
	Pages = {60--67},
	Title = {{SAWSDL: Semantic Annotations for WSDL and XML Schema}},
	Volume = {11},
	Year = {2007}}

@techreport{CarrollStickler:2004aa,
	Author = {Jeremy J. Carroll and Patrick Stickler},
	Date-Modified = {2012-01-10 12:32:30 +0000},
	Institution = {HP Labs},
	Number = {HPL-2003-268},
	Title = {{TriX, RDF Triples in XML}},
	Url = {http://www.hpl.hp.com/techreports/2004/HPL-2004-56.html},
	Urldate = {2012-03-27},
	Year = {2004}}

@inproceedings{Battle:2006aa,
	Author = {Steve Battle},
	Booktitle = {{Proceedings of the First Jena User Conference}},
	Date-Modified = {2012-01-10 12:32:30 +0000},
	Title = {{Gloze: XML to RDF and back again}},
	Year = {2006}}

@techreport{FernandezMalhotraMarsh:2010aa,
	Editor = {Mary F. Fern\'andez and Ashok Malhotra and Jonathan Marsh and Marton Nagy and Norman Walsh},
	Date-Modified = {2012-01-10 12:32:30 +0000},
	Institution = {{W3C}},
	Month = dec,
	Title = {{XQuery 1.0 and XPath 2.0 Data Model (XDM) (Second Edition)}},
	Type = {{W3C Recommendation}},
	Url = {http://www.w3.org/TR/2010/REC-xpath-datamodel-20101214/},
	Urldate = {2012-03-27},
	Year = {2010}}

@article{PerezArenasGutierrez:2009aa,
	Address = {New York, NY, USA},
	Author = {Jorge P{\'{e}}rez and Marcelo Arenas and Claudio Guti{\'e}rrez},
	Date-Modified = {2012-01-10 12:32:30 +0000},
	Doi = {10.1145/1567274.1567278},
	Issn = {0362-5915},
	Journal = {ACM Transactions on Database Systems},
	Number = {3},
	Pages = {1--45},
	Publisher = {ACM},
	Title = {{Semantics and complexity of SPARQL}},
	Volume = {34},
	Year = {2009}}

@inproceedings{BohringAuer:2005aa,
	Author = {Hannes Bohring and S{\"o}ren Auer},
	Crossref = {JantkeFahnrichWittig:2005aa},
	Date-Modified = {2012-01-10 12:32:30 +0000},
	Pages = {147--156},
	Title = {{Mapping XML to OWL Ontologies}},
	Year = {2005}}

@techreport{JacobsWalsh:2004aa,
	Editor = {Ian Jacobs and Norman Walsh},
	Date-Modified = {2012-01-10 12:32:30 +0000},
	Day = 15,
	Institution = {{W3C}},
	Month = dec,
	Title = {{Architecture of the World Wide Web, Volume One}},
	Type = {{W3C Recommendation}},
	Url = {http://www.w3.org/TR/2004/REC-webarch-20041215/},
	Urldate = {2012-03-27},
	Year = 2004}

@inproceedings{Bizer:2003aa,
	Author = {Christian Bizer},
	Booktitle = {{World Wide Web Conference 2003 (Posters)}},
	Date-Modified = {2012-01-10 12:32:30 +0000},
	Ee = {http://www2003.org/cdrom/papers/poster/p004/p4-bizer.html},
	Title = {{D2R MAP - A Database to RDF Mapping Language}},
	Year = {2003}}

@inproceedings{PolleresScharffeSchindlauer:2007aa,
	Address = {Vilamoura, Algarve, Portugal},
	Author = {Axel Polleres and Fran\c{c}ois Scharffe and Roman Schindlauer},
	Booktitle = {{Proceedings of the 6th International Conference on Ontologies, DataBases, and Applications of Semantics (ODBASE 2007)}},
	Date-Modified = {2012-01-10 12:32:30 +0000},
	Day = {27--29},
	Month = NOV,
	Title = {{SPARQL++ for Mapping between RDF Vocabularies}},
	Year = 2007}

@inproceedings{AkhtarKopeckyKrennwallner:2008aa,
	Address = {Tenerife, Spain},
	Author = {Waseem Akhtar and Jacek Kopecky and Thomas Krennwallner and Axel Polleres},
	Booktitle = {{Proceedings of the 5th European Semantic Web Conference (ESWC2008)}},
	Date-Modified = {2012-01-10 12:32:30 +0000},
	Day = {1-5},
	Month = JUN,
	Pages = {432--447},
	Publisher = {Springer},
	Title = {{XSPARQL: Traveling between the XML and RDF worlds -- and avoiding the XSLT pilgrimage}},
	Year = 2008}

@article{Koch:2006aa,
	Author = {Christoph Koch},
	Date-Modified = {2012-01-10 12:32:30 +0000},
	Ee = {http://doi.acm.org/10.1145/1189771},
	Journal = {ACM Transactions on Database Systems},
	Number = {4},
	Pages = {1215--1256},
	Title = {{On the Complexity of Nonrecursive XQuery and Functional Query Languages on Complex Values}},
	Volume = {31},
	Year = {2006}}

@article{Halevy:2001aa,
	Author = {Alon Y. Halevy},
	Date-Modified = {2012-01-10 12:32:30 +0000},
	Journal = {VLDB Journal},
	Month = dec,
	Number = 4,
	Pages = {270--294},
	Title = {{Answering Queries Using Views: A Survey}},
	Volume = 10,
	Year = {2001}}

@article{FranklinHalevyMaier:2005aa,
	Author = {Michael J. Franklin and Alon Y. Halevy and David Maier},
	Date-Modified = {2012-01-10 12:32:30 +0000},
	Journal = {SIGMOD Record},
	Number = {4},
	Pages = {27--33},
	Title = {{From Databases to Dataspaces: A New Abstraction for Information Management}},
	Volume = {34},
	Year = {2005}}

@misc{PolleresKrennwallnerLopes:2009aa,
	Author = {Axel Polleres and Thomas Krennwallner and Nuno Lopes and Jacek Kopeck{\'y} and Stefan Decker},
	Date-Modified = {2012-01-10 12:32:30 +0000},
	Day = 20,
	Month = JAN,
	Note = {{W3C Member Submission}},
	Title = {{XSPARQL Language Specification}},
	Url = {http://www.w3.org/Submission/2009/SUBM-xsparql-language-specification-20090120/},
	Urldate = {2012-03-27},
	Year = 2009}

@misc{KrennwallnerLopesPolleres:2009aa,
	Author = {Thomas Krennwallner and Nuno Lopes and Axel Polleres},
	Date-Modified = {2011-12-16 16:53:26 +0000},
	Day = 20,
	Month = JAN,
	Note = {{W3C member submission}},
	Title = {{XSPARQL: Semantics}},
	Url = {http://www.w3.org/Submission/2009/SUBM-xsparql-semantics-20090120/},
	Urldate = {2012-03-27},
	Year = 2009}

@misc{LopesKrennwallnerPolleres:2009aa,
	Author = {Nuno Lopes and Thomas Krennwallner and Axel Polleres and Waseem Akhtar and St{\'ephane Corlosquet}},
	Date-Modified = {2011-12-16 16:53:26 +0000},
	Day = 20,
	Month = JAN,
	Note = {{W3C Member Submission}},
	Title = {{XSPARQL: Implementation and Test-cases}},
	Url = {http://www.w3.org/Submission/2009/SUBM-xsparql-implementation-20090120/},
	Urldate = {2012-03-27},
	Year = 2009}

@inproceedings{LevyRajaramanOrdille:1996aa,
	Author = {Alon Y. Levy and Anand Rajaraman and Joann J. Ordille},
	Crossref = {VijayaramanBuchmannMohan:1996aa},
	Date-Modified = {2012-01-10 12:32:30 +0000},
	Pages = {251--262},
	Title = {{Querying Heterogeneous Information Sources Using Source Descriptions}},
	Year = {1996}}

@inproceedings{AnglesGutierrez:2008aa,
	Author = {Renzo Angles and Claudio Guti{\'e}rrez},
	Crossref = {ShethStaabDean:2008aa},
	Date-Modified = {2012-01-10 12:32:30 +0000},
	Pages = {114--129},
	Title = {{The Expressive Power of SPARQL}},
	Year = {2008}}

@inproceedings{AuerDietzoldLehmann:2009aa,
	Author = {S{\"o}ren Auer and Sebastian Dietzold and Jens Lehmann and Sebastian Hellmann and David Aumueller},
	Crossref = {QuemadaLeonMaarek:2009aa},
	Date-Modified = {2012-01-10 12:32:30 +0000},
	Pages = {621--630},
	Title = {{Triplify -- Light-Weight Linked Data Publication from Relational Databases}},
	Year = {2009}}

@inproceedings{DasSrinivasan:2009aa,
	Author = {Souripriya Das and Jagannathan Srinivasan},
	Crossref = {TessarisFranconiEiter:2009aa},
	Date-Modified = {2012-01-10 12:32:30 +0000},
	Pages = {205--221},
	Title = {{Database Technologies for RDF}},
	Year = {2009}}

@inproceedings{ErlingMikhailov:2007aa,
	Author = {Orri Erling and Ivan Mikhailov},
	Crossref = {AuerBizerMuller:2007aa},
	Date-Modified = {2012-01-10 12:32:30 +0000},
	Pages = {59--68},
	Title = {{RDF Support in the Virtuoso DBMS}},
	Year = {2007}}

@inproceedings{GrayGrayOunis:2009aa,
	Author = {Alasdair J. G. Gray and Norman Gray and Iadh Ounis},
	Crossref = {AroyoTraversoCiravegna:2009aa},
	Date-Modified = {2012-01-10 12:32:30 +0000},
	Pages = {491--505},
	Title = {{Can RDB2RDF Tools Feasibily Expose Large Science Archives for Data Integration?}},
	Year = {2009}}

@article{CeriGottlob:1985aa,
	Author = {Stefano Ceri and Georg Gottlob},
	Date-Modified = {2012-01-10 12:32:30 +0000},
	Journal = {IEEE Transactions on Software Engineering},
	Number = {4},
	Pages = {324--345},
	Title = {{Translating SQL Into Relational Algebra: Optimization, Semantics, and Equivalence of SQL Queries}},
	Volume = {11},
	Year = {1985}}

@article{EisenbergMelton:2001aa,
	Author = {Andrew Eisenberg and Jim Melton},
	Date-Modified = {2012-01-10 12:32:30 +0000},
	Journal = {SIGMOD Record},
	Number = {3},
	Pages = {105--108},
	Title = {{SQL/XML and the SQLX Informal Group of Companies}},
	Volume = {30},
	Year = {2001}}

@techreport{ArenasPrudhommeauxSequeda:2011aa,
	Editor = {Marcelo Arenas and Eric Prud'hommeaux and Juan Sequeda},
	Date-Modified = {2012-01-10 12:32:30 +0000},
	Institution = {{W3C Recommendation}},
	Month = sep,
	Title = {{A Direct Mapping of Relational Data to RDF}},
	Type = {{Recommendation}},
	Url = {http://www.w3.org/TR/2012/REC-rdb-direct-mapping-20120927/},
	Urldate = {2012-09-27},
	Year = {2012}}

@techreport{DasSundaraCyganiak:2011aa,
	Editor = {Souripriya Das and Seema Sundara and Richard Cyganiak},
	Date-Modified = {2012-01-10 12:32:30 +0000},
	Institution = {{W3C Recommendation}},
	Month = sep,
	Title = {{R2RML: RDB to RDF Mapping Language}},
	Type = {{Recommendation}},
	Url = {http://www.w3.org/TR/2012/REC-r2rml-20120927/},
	Urldate = {2012-09-27},
	Year = {2012}}

@article{Ullman:2000aa,
	Author = {Jeffrey D. Ullman},
	Date-Modified = {2012-01-10 12:32:30 +0000},
	Journal = {Theoretical Computer Science},
	Number = {2},
	Pages = {189--210},
	Title = {{Information Integration Using Logical Views}},
	Volume = {239},
	Year = {2000}}

@book{AbiteboulHullVianu:1995aa,
	Author = {Serge Abiteboul and Richard Hull and Victor Vianu},
	Date-Modified = {2012-01-10 12:32:30 +0000},
	Isbn = {0-201-53771-0},
	Publisher = {Addison-Wesley},
	Title = {{Foundations of Databases}},
	Year = 1995}

@techreport{ClarkFeigenbaumTorres:2008aa,
	Editor = {Kendall Grant Clark and Lee Feigenbaum and Elias Torres},
	Date-Modified = {2012-01-10 12:32:30 +0000},
	Institution = {{W3C Recommendation}},
	Month = jan,
	Title = {{SPARQL Protocol for RDF}},
	Type = {{W3C Recommendation}},
	Url = {http://www.w3.org/TR/2008/REC-rdf-sparql-protocol-20080115/},
	Urldate = {2012-03-27},
	Year = {2008}}

@techreport{BeckettBroekstra:2008aa,
	Editor = {Dave Beckett and Jeen Broekstra},
	Date-Modified = {2012-01-10 12:32:30 +0000},
	Institution = {{W3C}},
	Month = jan,
	Title = {{SPARQL Query Results XML Format}},
	Type = {{W3C Recommendation}},
	Url = {http://www.w3.org/TR/2008/REC-rdf-sparql-XMLres-20080115/},
	Urldate = {2012-03-27},
	Year = {2008}}

@techreport{DraperFankhauserFernandez:2010aa,
	Editor = {Denise Draper and Peter Fankhauser and Mary Fern{\'a}ndez and Ashok Malhotra and Kristoffer Rose and Michael Rys and J{\'e}r{\^o}me Sim{\'e}on and Philip Wadler},
	Date-Modified = {2012-01-10 12:32:30 +0000},
	Institution = {{W3C}},
	Month = dec,
	Title = {{XQuery 1.0 and XPath 2.0 Formal Semantics (Second Edition)}},
	Type = {{W3C Recommendation}},
	Url = {http://www.w3.org/TR/2010/REC-xquery-semantics-20101214/},
	Urldate = {2012-03-27},
	Year = {2010}}

@techreport{ChamberlinRobieBoag:2010aa,
	Editor = {Don Chamberlin and Jonathan Robie and Scott Boag and Mary F. Fern{\'a}ndez and J{\'e}r{\^o}me Sim{\'e}on and Daniela Florescu},
	Date-Modified = {2012-01-10 12:32:30 +0000},
	Institution = {{W3C}},
	Month = dec,
	Title = {{XQuery 1.0: An XML Query Language (Second Edition)}},
	Type = {{W3C Recommendation}},
	Url = {http://www.w3.org/TR/2010/REC-xquery-20101214/},
	Urldate = {2012-03-27},
	Year = {2010}}

@inproceedings{Polleres:2007aa,
	Address = {Banff, Canada},
	Author = {Axel Polleres},
	Booktitle = {{Proceedings of the 16th World Wide Web Conference (WWW2007)}},
	Date-Modified = {2012-01-10 12:32:30 +0000},
	Day = {8--12},
	Title = {{From SPARQL to Rules (and back)}},
	Year = 2007}

@techreport{PrudhommeauxSeaborne:2008aa,
	Editor = {Eric Prud'hommeaux and Andy Seaborne},
	Date-Modified = {2012-01-10 12:32:30 +0000},
	Day = 15,
	Institution = {{W3C}},
	Month = jan,
	Title = {{SPARQL Query Language for RDF}},
	Type = {{W3C Recommendation}},
	Url = {http://www.w3.org/TR/2008/REC-rdf-sparql-query-20080115/},
	Urldate = {2012-03-27},
	Year = 2008}

@misc{Iannella:2010aa,
	Author = {Renato Iannella},
	Day = 20,
	Month = jan,
	Title = {{Representing vCard Objects in RDF}},
	Type = {W3C Member Submission},
	Url = {http://www.w3.org/Submission/2010/SUBM-vcard-rdf-20100120/},
	Urldate = {2012-03-27},
	Year = 2010}

@techreport{BeckettMcBride:2004aa,
	Editor = {Dave Beckett},
	Date-Modified = {2012-01-10 12:32:30 +0000},
	Institution = {{W3C}},
	Month = feb,
	Title = {{RDF/XML Syntax Specification (Revised)}},
	Type = {{W3C Recommendation}},
	Url = {http://www.w3.org/TR/2004/REC-rdf-syntax-grammar-20040210/},
	Urldate = {2012-03-27},
	Year = 2004}

@techreport{Hayes:2004aa,
	Editor = {Patrick Hayes},
	Date-Modified = {2012-01-10 12:32:30 +0000},
	Institution = {{W3C}},
	Month = feb,
	Title = {{RDF Semantics}},
	Type = {{W3C Recommendation}},
	Url = {http://www.w3.org/TR/2004/REC-rdf-mt-20040210/},
	Urldate = {2012-03-27},
	Year = 2004}

@techreport{ManolaMiller:2004aa,
	Editor = {Frank Manola and Eric Miller},
	Date-Modified = {2012-01-10 12:32:30 +0000},
	Institution = {{W3C}},
	Month = feb,
	Title = {{RDF Primer}},
	Type = {{W3C Recommendation}},
	Url = {http://www.w3.org/TR/2004/REC-rdf-primer-20040210/},
	Urldate = {2012-03-27},
	Year = {2004}}

@techreport{Kay:2007aa,
	Editor = {Michael Kay},
	Date-Modified = {2012-01-10 12:32:30 +0000},
	Day = 23,
	Institution = {{W3C}},
	Month = jan,
	Title = {{XSL Transformations (XSLT) Version 2.0}},
	Type = {{W3C Recommendation}},
	Url = {http://www.w3.org/TR/2007/REC-xslt20-20070123/},
	Urldate = {2012-03-27},
	Year = 2007}

@techreport{MalhotraMeltonWalsh:2010aa,
	Editor = {Ashok Malhotra and Jim Melton and Norman Walsh and Michael Kay},
	Date-Modified = {2012-01-10 12:32:30 +0000},
	Day = 14,
	Institution = {{W3C}},
	Month = dec,
	Title = {{XQuery 1.0 and XPath 2.0 Functions and Operators (Second Edition)}},
	Type = {{W3C Recommendation}},
	Url = {http://www.w3.org/TR/2010/REC-xpath-functions-20101214/},
	Urldate = {2012-03-27},
	Year = 2010}

@inproceedings{Walsh:2003aa,
	Author = {Norman Walsh},
	Crossref = {:2003ac},
	Date-Modified = {2012-01-10 12:32:30 +0000},
	Title = {{RDF Twig: accessing RDF graphs in XSLT}},
	Year = {2003}}

@techreport{BrayPaoliSperberg-Mcqueen:2008aa,
	Editor = {Bray, Tim and Paoli, Jean and Sperberg-Mcqueen, C. M. and Maler, Eve and Yergeau, Fran\c{c}ois},
	Date-Modified = {2012-01-10 12:32:30 +0000},
	Institution = {{W3C}},
	Month = nov,
	Title = {{Extensible Markup Language (XML) 1.0 (Fifth Edition)}},
	Type = {{Recommendation}},
	Url = {http://www.w3.org/TR/2008/REC-xml-20081126/},
	Urldate = {2012-03-27},
	Year = {2008}}

@techreport{BerglundBoagChamberlin:2010aa,
	Editor = {Anders Berglund and Scott Boag and Don Chamberlin and Mary F. Fern{\'a}ndez and Michael Kay and Jonathan Robie and J{\'e}r{\^o}me Sim{\'e}on},
	Date-Modified = {2012-01-10 12:32:30 +0000},
	Day = 23,
	Editor = {Tim Bray and Jean Paoli and C. M. Sperberg-McQueen},
	Institution = w3c,
	Month = dec,
	Title = {{XML Path Language (XPath) 2.0 (Second Edition)}},
	Type = {{W3C Recommendation}},
	Url = {http://www.w3.org/TR/2010/REC-xpath20-20101214/},
	Urldate = {2012-03-27},
	Year = 2010}

@misc{PassantKopeckyCorlosquet:2009aa,
	Author = {Alexandre Passant and Jacek Kopeck{\'y} and St{\'e}phane Corlosquet and Diego Berrueta and Davide Palmisano and Axel Polleres},
	Date-Modified = {2012-01-10 12:32:30 +0000},
	Day = 20,
	Month = jan,
	Note = {{W3C Member Submission}},
	Title = {{XSPARQL: Use cases}},
	Url = {http://www.w3.org/Submission/2009/SUBM-xsparql-use-cases-20090120/},
	Urldate = {2012-03-27},
	Year = 2009}

@techreport{BrickleyGuha:2004aa,
	Editor = {Dan Brickley and R. V. Guha},
	Date-Modified = {2012-01-10 12:32:30 +0000},
	Institution = {{W3C}},
	Month = feb,
	Title = {{RDF Vocabulary Description Language 1.0: RDF Schema}},
	Type = {{W3C Recommendation}},
	Url = {http://www.w3.org/TR/2004/REC-rdf-schema-20040210/},
	Urldate = {2012-03-27},
	Year = {2004}}

@inproceedings{DeursenPoppeMartens:2008aa,
	Address = {Washington, DC, USA},
	Author = {Deursen, Davy Van and Poppe, Chris and Martens, G{\"a}etan and Mannens, Erik and Walle, Rik Van de},
	Booktitle = {{International Conference on Automated Solutions for Cross Media Content and Multi-Channel Distribution, 2008 (AXMEDIS '08)}},
	Date-Modified = {2012-01-10 12:32:30 +0000},
	Pages = {138--144},
	Publisher = {IEEE Computer Society},
	Title = {{XML to RDF Conversion: A Generic Approach}},
	Year = {2008}}

@inproceedings{BerruetaLabraHerman:2008aa,
	Address = {Tenerife},
	Author = {Diego Berrueta and Jose E. Labra and Ivan Herman},
	Booktitle = {{4th Workshop on Scripting for the Semantic Web}},
	Date-Modified = {2012-01-10 12:32:30 +0000},
	Editor = {Chris Bizer and S{\"o}ren Auer and Gunnar Aastrand Grimmes and Tom Heath},
	Month = jun,
	Title = {{XSLT+SPARQL : Scripting the Semantic Web with SPARQL embedded into XSLT stylesheets}},
	Year = {2008}}

@inproceedings{BikakisGioldasisTsinaraki:2009aa,
	Author = {Nikos Bikakis and Nektarios Gioldasis and Chrisa Tsinaraki and Stavros Christodoulakis},
	Crossref = {BhowmickKungWagner:2009aa},
	Date-Modified = {2012-01-10 12:32:30 +0000},
	Pages = {372--381},
	Title = {{Querying XML Data with SPARQL}},
	Year = {2009}}

@inproceedings{GroppeGroppeLinnemann:2008aa,
	Author = {Sven Groppe and Jinghua Groppe and Volker Linnemann and Dirk Kukulenz and Nils Hoeller and Christoph Reinke},
	Crossref = {WainwrightHaddad:2008aa},
	Date-Modified = {2012-01-10 12:32:30 +0000},
	Pages = {2271--2278},
	Title = {{Embedding SPARQL into XQuery/XSLT}},
	Year = {2008}}

@inproceedings{PerezArenasGutierrez:2008aa,
	Author = {Jorge P{\'e}rez and Marcelo Arenas and Claudio Guti{\'e}rrez},
	Crossref = {ShethStaabDean:2008aa},
	Date-Modified = {2012-01-10 12:32:30 +0000},
	Pages = {66--81},
	Title = {{nSPARQL: A Navigational Language for RDF}},
	Year = {2008}}

@article{AfanasievMarx:2008aa,
	Author = {Loredana Afanasiev and Maarten Marx},
	Date-Modified = {2012-01-10 12:32:30 +0000},
	Journal = {Information Systems},
	Number = {2},
	Pages = {155--181},
	Title = {{An Analysis of XQuery Benchmarks}},
	Volume = {33},
	Year = {2008}}

@inproceedings{SchmidtWaasKersten:2002aa,
	Author = {Albrecht Schmidt and Florian Waas and Martin L. Kersten and Michael J. Carey and Ioana Manolescu and Ralph Busse},
	Crossref = {:2002aa},
	Date-Modified = {2012-01-10 12:32:30 +0000},
	Pages = {974--985},
	Title = {{XMark: A Benchmark for XML Data Management}},
	Year = {2002}}

@book{KatzChamberlinKay:2003aa,
	Address = {Boston, MA, USA},
	Author = {Katz, Howard and Chamberlin, Don and Kay, Michael and Wadler, Philip and Draper, Denise},
	Date-Modified = {2012-01-10 12:32:30 +0000},
	Isbn = {0321180607},
	Publisher = {Addison-Wesley Longman Publishing Co., Inc.},
	Title = {{XQuery from the Experts: A Guide to the W3C XML Query Language}},
	Year = {2003}}

@techreport{HarrisSeaborne:2012aa,
	Editor = {Steve Harris and Andy Seaborne},
	Date-Modified = {2012-01-10 12:32:30 +0000},
	Day = 05,
	Editor = {Steve Harris and Andy Seaborne},
	Institution = {{W3C}},
	Month = jan,
	Title = {{SPARQL 1.1 Query Language}},
	Type = {{W3C} Working Draft},
	Url = {http://www.w3.org/TR/2012/WD-sparql11-query-20120105/},
	Urldate = {2012-03-27},
	Year = 2012}

@techreport{PrudhommeauxBuil-Aranda:2011aa,
	Editor = {Eric Prud'hommeaux and Carlos Buil-Aranda},
	Date-Added = {2012-05-23 11:15:18 +0000},
	Date-Modified = {2012-05-23 11:15:46 +0000},
	Day = 17,
	Editor = {Eric Prud'hommeaux and Carlos Buil-Aranda},
	Institution = {{W3C}},
	Month = nov,
	Title = {{SPARQL 1.1 Federated Query}},
	Type = {{W3C} Working Draft},
	Url = {http://www.w3.org/TR/2011/WD-sparql11-federated-query-20111117/},
	Urldate = {2012-03-27},
	Year = 2011}

@techreport{GearonPassantPolleres:2012aa,
	Editor = {Paul Gearon and Alexandre Passant and Axel Polleres},
	Date-Modified = {2012-01-10 12:32:30 +0000},
	Day = 05,
	Editor = {Paul Gearon and Alexandre Passant and Axel Polleres},
	Institution = {{W3C}},
	Month = jan,
	Title = {{SPARQL 1.1 Update}},
	Type = {{W3C} Working Draft},
	Url = {http://www.w3.org/TR/2012/WD-sparql11-update-20120105/},
	Urldate = {2012-03-27},
	Year = 2012}

@techreport{AdidaBirbeckMcCarron:2008aa,
	Editor = {Ben Adida and Mark Birbeck and Shane McCarron and Steven Pemberton},
	Date-Modified = {2012-01-10 12:32:30 +0000},
	Editor = {Ben Adida and Mark Birbeck and Shane McCarron and Steven Pemberton},
	Institution = {{W3C}},
	Month = oct,
	Title = {{RDFa in XHTML: Syntax and Processing}},
	Type = {{W3C Recommendation}},
	Url = {http://www.w3.org/TR/2008/REC-rdfa-syntax-20081014},
	Urldate = {2012-03-27},
	Year = 2008}

@inproceedings{DroopFlarerGroppe:2008aa,
	Author = {Matthias Droop and Markus Flarer and Jinghua Groppe and Sven Groppe and Volker Linnemann and Jakob Pinggera and Florian Santner and Michael Schier and Felix Schopf and Hannes Staffler and Stefan Zugal},
	Crossref = {CordeiroFilipe:2008aa},
	Date-Modified = {2012-01-10 12:32:30 +0000},
	Pages = {5--14},
	Title = {{Embedding XPath Queries into SPARQL Queries}},
	Year = {2008}}

@proceedings{CordeiroFilipe:2008aa,
	Booktitle = {{ICEIS 2008 - Proceedings of the Tenth International Conference on Enterprise Information Systems, Volume DISI, Barcelona, Spain, June 12-16, 2008}},
	Date-Modified = {2012-01-10 12:32:30 +0000},
	Editor = {Jos{\'e} Cordeiro and Joaquim Filipe},
	Year = {2008}}


@article{RodriguesRosaCardoso:2008aa,
	Author = {Toni Rodrigues and Pedro Rosa and Jorge Cardoso},
	Date-Modified = {2012-01-10 12:32:30 +0000},
	Journal = {Computers in Industry},
	Number = {8},
	Pages = {808--819},
	Title = {{Moving from syntactic to semantic organizations using JXML2OWL}},
	Volume = {59},
	Year = {2008}}

@techreport{CorbyKefi-KhelifCherfi:2009aa,
	Author = {Olivier Corby and Leila Kefi-Khelif and Hac{\`e}ne Cherfi and Fabien Gandon and Khaled Khelif},
	Date-Modified = {2012-01-10 12:32:30 +0000},
	Institution = {Institut National de Recherche en Informatique et en Automatique},
	Month = feb,
	Number = {6847},
	Title = {{Querying the Semantic Web of Data using SPARQL, RDF and XML}},
	Year = {2009}}

@inproceedings{GrustMayrRittinger:2010aa,
	Author = {Torsten Grust and Manuel Mayr and Jan Rittinger},
	Crossref = {ManolescuSpaccapietraTeubner:2010aa},
	Date-Modified = {2012-01-10 12:32:30 +0000},
	Pages = {147--158},
	Title = {{Let SQL Drive the XQuery Workhorse (XQuery Join Graph Isolation)}},
	Year = {2010}}

@techreport{RobieChamberlinDyck:2011aa,
	Editor = {Jonathan Robie and Don Chamberlin and Michael Dyck and Daniela Florescu and Jim Melton and J{\'e}r{\^o}me Sim{\'e}on},
	Date-Modified = {2012-01-10 12:32:30 +0000},
	Day = 17,
	Institution = {{W3C}},
	Month = mar,
	Title = {{XQuery Update Facility 1.0}},
	Type = {{W3C Recommendation}},
	Url = {http://www.w3.org/TR/2011/REC-xquery-update-10-20110317/},
	Urldate = {2012-03-27},
	Year = {2011}}

@inproceedings{FischerFlorescuKaufmann:2011aa,
	Author = {Peter Fischer and Dana Florescu and Martin Kaufmann and Donald Kossmann},
	Booktitle = {{XML Prague 2011}},
	Date-Modified = {2012-01-10 12:32:30 +0000},
	Pages = {81--98},
	Title = {{Translating SPARQL and SQL to XQuery}},
	Year = {2011}}

@inproceedings{MayHelmerMoerkotte:2003aa,
	Author = {Norman May and Sven Helmer and Guido Moerkotte},
	Crossref = {BellahseneChaudhriRahm:2003aa},
	Date-Modified = {2012-01-10 12:32:30 +0000},
	Pages = {70--84},
	Title = {{Three Cases for Query Decorrelation in XQuery}},
	Year = {2003}}

@inproceedings{AnglesGutierrez:2010aa,
	Author = {Renzo Angles and Claudio Guti{\'e}rrez},
	Crossref = {LaenderLakshmanan:2010aa},
	Date-Modified = {2012-01-10 12:32:30 +0000},
	Title = {{SQL Nested Queries in SPARQL}},
	Year = {2010}}

@proceedings{JantkeFahnrichWittig:2005aa,
	Booktitle = {{Marktplatz Internet: von E-Learning bis E-Payment, 13. Leipziger Informatik-Tage, LIT 2005, 21.-23. September 2005, Leipzig}},
	Date-Modified = {2012-01-10 12:32:30 +0000},
	Editor = {Klaus P. Jantke and Klaus-Peter F{\"a}hnrich and Wolfgang S. Wittig},
	Publisher = {GI},
	Volume = {72},
	Year = {2005}}

@proceedings{BhowmickKungWagner:2009aa,
	Booktitle = {{Database and Expert Systems Applications, 20th International Conference, DEXA 2009, Linz, Austria, August 31 - September 4, 2009. Proceedings}},
	Date-Modified = {2012-01-10 12:32:30 +0000},
	Editor = {Sourav S. Bhowmick and Josef K{\"u}ng and Roland Wagner},
	Publisher = {Springer},
	Volume = {5690},
	Year = {2009}}

@proceedings{WainwrightHaddad:2008aa,
	Booktitle = {{Proceedings of the 2008 ACM Symposium on Applied Computing (SAC), Fortaleza, Ceara, Brazil, March 16-20, 2008}},
	Date-Modified = {2012-01-10 12:32:30 +0000},
	Editor = {Roger L. Wainwright and Hisham Haddad},
	Publisher = {ACM},
	Year = {2008}}

@proceedings{:2003ac,
	Address = {Montr{\'e}al, Quebec, Canada},
	Booktitle = {{Proceedings of the Extreme Markup Languages, 4-8 August 2003,}},
	Date-Modified = {2012-01-10 12:32:30 +0000},
	Year = {2003}}

@proceedings{LaenderLakshmanan:2010aa,
	Booktitle = {{Proceedings of the 4th Alberto Mendelzon International Workshop on Foundations of Data Management, Buenos Aires, Argentina, May 17-20, 2010}},
	Date-Modified = {2012-01-10 12:32:30 +0000},
	Editor = {Alberto H. F. Laender and Laks V. S. Lakshmanan},
	Publisher = {CEUR-WS.org},
	Volume = {619},
	Year = {2010}}

@proceedings{VijayaramanBuchmannMohan:1996aa,
	Booktitle = {{VLDB'96, Proceedings of 22th International Conference on Very Large Data Bases, September 3-6, 1996, Mumbai (Bombay), India}},
	Date-Modified = {2012-01-10 12:32:30 +0000},
	Editor = {T. M. Vijayaraman and Alejandro P. Buchmann and C. Mohan and Nandlal L. Sarda},
	Publisher = {Morgan Kaufmann},
	Year = {1996}}

@proceedings{QuemadaLeonMaarek:2009aa,
	Booktitle = {{Proceedings of the 18th International Conference on World Wide Web, WWW 2009, Madrid, Spain, April 20-24, 2009}},
	Date-Modified = {2012-01-10 12:32:30 +0000},
	Editor = {Juan Quemada and Gonzalo Le{\'o}n and Yo{\"e}lle S. Maarek and Wolfgang Nejdl},
	Publisher = {ACM},
	Year = {2009}}

@proceedings{TessarisFranconiEiter:2009aa,
	Booktitle = {{Reasoning Web. Semantic Technologies for Information Systems, 5th International Summer School 2009, Brixen-Bressanone, Italy, August 30 - September 4, 2009, Tutorial Lectures}},
	Date-Modified = {2012-01-10 12:32:30 +0000},
	Editor = {Sergio Tessaris and Enrico Franconi and Thomas Eiter and Claudio Guti{\'e}rrez and Siegfried Handschuh and Marie-Christine Rousset and Renate A. Schmidt},
	Publisher = {Springer},
	Volume = {5689},
	Year = {2009}}

@proceedings{AuerBizerMuller:2007aa,
	Booktitle = {{The Social Semantic Web 2007, Proceedings of the 1st Conference on Social Semantic Web (CSSW), September 26-28, 2007, Leipzig, Germany}},
	Date-Modified = {2012-01-10 12:32:30 +0000},
	Editor = {S{\"o}ren Auer and Christian Bizer and Claudia M{\"u}ller and Anna V. Zhdanova},
	Publisher = {GI},
	Volume = {113},
	Year = {2007}}

@proceedings{FranconiKiferMay:2007aa,
	Booktitle = {{The Semantic Web: Research and Applications, 4th European Semantic Web Conference, ESWC 2007, Innsbruck, Austria, June 3-7, 2007, Proceedings}},
	Date-Modified = {2012-01-10 12:32:30 +0000},
	Editor = {Enrico Franconi and Michael Kifer and Wolfgang May},
	Publisher = {{Springer}},
	Volume = {4519},
	Year = {2007}}

@proceedings{PolleresSwift:2009aa,
	Booktitle = {{Web Reasoning and Rule Systems, Third International Conference, RR 2009, Chantilly, VA, USA, October 25-26, 2009, Proceedings}},
	Date-Modified = {2012-01-10 12:32:30 +0000},
	Editor = {Axel Polleres and Terrance Swift},
	Publisher = {{Springer}},
	Volume = {5837},
	Year = {2009}}

@book{AbramskyGabbayMaibaum:1994aa,
	Date-Modified = {2012-01-10 12:32:30 +0000},
	Editor = {Samson Abramsky and Dov M. Gabbay and T. S. E. Maibaum},
	Publisher = {Oxford University Press},
	Title = {{Handbook of Logic in Computer Science - Volume 3: Semantic Structures}},
	Year = {1994}}

@proceedings{EllisHagino:2005aa,
	Booktitle = {{Proceedings of the 14th International Conference on World Wide Web, WWW 2005, Chiba, Japan, May 10-14, 2005}},
	Date-Modified = {2012-01-10 12:32:30 +0000},
	Editor = {Allan Ellis and Tatsuya Hagino},
	Month = may,
	Publisher = {ACML Press},
	Year = {2005}}

@proceedings{BizerHeathBerners-Lee:2009aa,
	Booktitle = {{Linked Data on the Web (LDOW 2009), Proceedings of the WWW2009 Workshop on Linked Data on the Web, Madrid, Spain, April 20, 2009}},
	Date-Modified = {2012-01-10 12:32:30 +0000},
	Editor = {Christian Bizer and Tom Heath and Tim Berners-Lee and Kingsley Idehen},
	Month = apr,
	Publisher = {CEUR},
	Volume = {538},
	Year = {2009}}

@proceedings{FokoueGuoLiebig:2008aa,
	Booktitle = {{4th International Workshop on Scalable Semantic Web Knowledge Base Systems (SSWS2008)}},
	Date-Modified = {2012-01-10 12:32:30 +0000},
	Editor = {Achille Fokoue and Yuanbo Guo and Jeff Heflin Thorsten Liebig},
	Month = oct,
	Year = {2008}}

@proceedings{Libkin:2007aa,
	Booktitle = {{Proceedings of the Twenty-Sixth ACM SIGACT-SIGMOD-SIGART Symposium on Principles of Database Systems, June 11-13, 2007, Beijing, China}},
	Date-Modified = {2012-01-10 12:32:30 +0000},
	Editor = {Leonid Libkin},
	Publisher = {ACM Press},
	Year = {2007}}

@proceedings{ManolescuSpaccapietraTeubner:2010aa,
	Booktitle = {{EDBT 2010, 13th International Conference on Extending Database Technology, Lausanne, Switzerland, March 22-26, 2010, Proceedings}},
	Date-Modified = {2012-01-10 12:32:30 +0000},
	Editor = {Ioana Manolescu and Stefano Spaccapietra and Jens Teubner and Masaru Kitsuregawa and Alain L{\'e}ger and Felix Naumann and Anastasia Ailamaki and Fatma {\"O}zcan},
	Publisher = {ACM},
	Volume = {426},
	Year = {2010}}

@proceedings{ShethStaabDean:2008aa,
	Booktitle = {{The Semantic Web - ISWC 2008, 7th International Semantic Web Conference, ISWC 2008, Karlsruhe, Germany, October 26-30, 2008. Proceedings}},
	Date-Modified = {2012-01-10 12:32:30 +0000},
	Editor = {Amit P. Sheth and Steffen Staab and Mike Dean and Massimo Paolucci and Diana Maynard and Timothy W. Finin and Krishnaprasad Thirunarayan},
	Publisher = {Springer},
	Volume = {5318},
	Year = {2008}}

@proceedings{:2002aa,
	Booktitle = {{VLDB 2002, Proceedings of 28th International Conference on Very Large Data Bases, August 20-23, 2002, Hong Kong, China}},
	Date-Modified = {2012-01-10 12:32:30 +0000},
	Publisher = {Morgan Kaufmann},
	Year = {2002}}

@proceedings{HuaiChenHon:2008aa,
	Booktitle = {{Proceedings of the 17th International Conference on World Wide Web, WWW 2008, Beijing, China, April 21-25, 2008}},
	Date-Modified = {2012-01-10 12:32:30 +0000},
	Editor = {Jinpeng Huai and Robin Chen and Hsiao-Wuen Hon and Yunhao Liu and Wei-Ying Ma and Andrew Tomkins and Xiaodong Zhang},
	Publisher = {ACM},
	Year = {2008}}

@proceedings{ElmagarmidAgrawal:2010aa,
	Booktitle = {{Proceedings of the ACM SIGMOD International Conference on Management of Data, SIGMOD 2010, Indianapolis, Indiana, USA, June 6-10, 2010}},
	Date-Modified = {2012-01-10 12:32:30 +0000},
	Editor = {Ahmed K. Elmagarmid and Divyakant Agrawal},
	Publisher = {ACM},
	Year = {2010}}

@proceedings{CostaLaskeyLaskey:2005aa,
	Booktitle = {{International Semantic Web Conference, ISWC 2005, Galway, Ireland, Workshop 3: Uncertainty Reasoning for the Semantic Web, 7 November 2005}},
	Date-Modified = {2012-01-10 12:32:30 +0000},
	Editor = {Paulo Cesar G. da Costa and Kathryn B. Laskey and Kenneth J. Laskey and Michael Pool},
	Year = {2005}}

@proceedings{AbererChoiNoy:2007aa,
	Booktitle = {{The Semantic Web, 6th International Semantic Web Conference, 2nd Asian Semantic Web Conference, ISWC 2007 + ASWC 2007, Busan, Korea, November 11-15, 2007}},
	Date-Modified = {2012-01-10 12:32:30 +0000},
	Editor = {Karl Aberer and Key-Sun Choi and Natasha Fridman Noy and Dean Allemang and Kyung-Il Lee and Lyndon J. B. Nixon and Jennifer Golbeck and Peter Mika and Diana Maynard and Riichiro Mizoguchi and Guus Schreiber and Philippe Cudr{\'e}-Mauroux},
	Publisher = {Springer},
	Volume = {4825},
	Year = {2007}}

@proceedings{BellahseneChaudhriRahm:2003aa,
	Booktitle = {{First International XML Database Symposium, XSym 2003}},
	Date-Modified = {2012-01-10 12:32:30 +0000},
	Editor = {Zohra Bellahsene and Akmal B. Chaudhri and Erhard Rahm and Michael Rys and Rainer Unland},
	Publisher = {Springer},
	Volume = {2824},
	Year = {2003}}

@proceedings{AroyoTraversoCiravegna:2009aa,
	Booktitle = {{The Semantic Web: Research and Applications, 6th European Semantic Web Conference, ESWC 2009, Heraklion, Crete, Greece, May 31-June 4, 2009, Proceedings}},
	Date-Modified = {2012-01-10 12:32:30 +0000},
	Editor = {Lora Aroyo and Paolo Traverso and Fabio Ciravegna and Philipp Cimiano and Tom Heath and Eero Hyv{\"o}nen and Riichiro Mizoguchi and Eyal Oren and Marta Sabou and Elena Paslaru Bontas Simperl},
	Isbn = {978-3-642-02120-6},
	Publisher = {{Springer}},
	Series = {{Lecture Notes in Computer Science}},
	Volume = {5554},
	Year = {2009}}

@inproceedings{DamasioFerreira:2011aa,
	Author = {Carlos Viegas Dam{\'a}sio and Filipe Ferreira},
	Crossref = {AroyoWeltyAlani:2011aa},
	Date-Modified = {2012-01-10 12:32:30 +0000},
	Pages = {746--761},
	Title = {{Practical RDF Schema Reasoning with Annotated Semantic Web Data}},
	Year = {2011}}

@proceedings{AroyoWeltyAlani:2011aa,
	Booktitle = {{The Semantic Web - ISWC 2011 - 10th International Semantic Web Conference, Bonn, Germany, October 23-27, 2011, Proceedings, Part I}},
	Date-Modified = {2012-01-10 12:32:30 +0000},
	Editor = {Lora Aroyo and Chris Welty and Harith Alani and Jamie Taylor and Abraham Bernstein and Lalana Kagal and Natasha Fridman Noy and Eva Blomqvist},
	Publisher = {Springer},
	Volume = {7031},
	Year = {2011}}

@article{Dillnut:2006aa,
	Author = {Dillnut, R.},
	Date-Modified = {2012-01-10 12:32:30 +0000},
	Journal = {Engineering Management Journal},
	Month = feb,
	Number = {1},
	Pages = {39--41},
	Title = {{Surviving the information explosion [knowledge management]}},
	Volume = {16},
	Year = {2006}}

@article{Codd:1970aa,
	Author = {E. F. Codd},
	Date-Modified = {2012-01-10 12:32:30 +0000},
	Journal = {Communications of the ACM},
	Number = {6},
	Pages = {377--387},
	Title = {{A Relational Model of Data for Large Shared Data Banks}},
	Volume = {13},
	Year = {1970}}

@inproceedings{Buneman:1997aa,
	Address = {New York, NY, USA},
	Author = {Buneman, Peter},
	Booktitle = {{Proceedings of the sixteenth ACM SIGACT-SIGMOD-SIGART symposium on Principles of database systems}},
	Pages = {117--121},
	Publisher = {ACM},
	Series = {PODS '97},
	Title = {{Semistructured Data}},
	Year = {1997}}

@inproceedings{Abiteboul:1997aa,
	Author = {Serge Abiteboul},
	Crossref = {AfratiKolaitis:1997aa},
	Pages = {1--18},
	Title = {{Querying Semi-Structured Data}},
	Year = {1997}}

@proceedings{AfratiKolaitis:1997aa,
	Booktitle = {{Database Theory - ICDT '97, 6th International Conference, Delphi, Greece, January 8-10, 1997, Proceedings}},
	Editor = {Foto N. Afrati and Phokion G. Kolaitis},
	Publisher = {Springer},
	Volume = {1186},
	Year = {1997}}

@techreport{ThompsonBeechMaloney:2004aa,
	Editor = {Henry S. Thompson and David Beech and Murray Maloney and Noah Mendelsohn},
	Institution = {{W3C}},
	Month = oct,
	Title = {{XML Schema Part 1: Structures Second Edition}},
	Type = {{W3C Recommendation}},
	Url = {http://www.w3.org/TR/2004/REC-xmlschema-1-20041028/},
	Urldate = {2012-03-27},
	Year = 2004}

@techreport{BironMalhotra:2004aa,
	Editor = {Paul V. Biron and Ashok Malhotra},
	Institution = {{W3C}},
	Month = oct,
	Title = {{XML Schema Part 2: Datatypes Second Edition}},
	Type = {{W3C Recommendation}},
	Url = {http://www.w3.org/TR/2004/REC-xmlschema-2-20041028/},
	Urldate = {2012-03-27},
	Year = 2004}

@techreport{BrayHollanderLayman:2009aa,
	Editor = {Tim Bray and Dave Hollander and Andrew Layman and Richard Tobin and Henry S. Thompson},
	Institution = {{W3C}},
	Month = dec,
	Title = {{Namespaces in XML 1.0 (Third Edition)}},
	Type = {{W3C Recommendation}},
	Url = {http://www.w3.org/TR/2009/REC-xml-names-20091208/},
	Urldate = {2012-03-27},
	Year = 2009}

@techreport{AdidaBirbeck:2008aa,
	Editor = {Ben Adida and Mark Birbeck},
	Institution = {{W3C}},
	Month = oct,
	Title = {{RDFa Primer {--} Bridging the Human and Data Webs}},
	Type = {{W3C Working Group Note}},
	Url = {http://www.w3.org/TR/2008/NOTE-xhtml-rdfa-primer-20081014/},
	Urldate = {2012-03-27},
	Year = 2008}

@book{AbiteboulBunemanSuciu:1999aa,
	Author = {Serge Abiteboul and Peter Buneman and Dan Suciu},
	Publisher = {Morgan Kaufmann},
	Title = {{Data on the Web: From Relations to Semistructured Data and XML}},
	Year = {1999}}

@inproceedings{Suciu:1998aa,
	Author = {Dan Suciu},
	Crossref = {TanakaGhandeharizadeh:1998aa},
	Pages = {1--12},
	Title = {{Semistructured Data and XML}},
	Year = {1998}}

@proceedings{TanakaGhandeharizadeh:1998aa,
	Booktitle = {{The 5th International Conference of Foundations of Data Organization (FODO'98), Kobe, Japan, November 12-13, 1998}},
	Editor = {Katsumi Tanaka and Shahram Ghandeharizadeh},
	Year = {1998}}

@article{LeeHendlerLassila:2001aa,
	Author = {Tim Berners-Lee and James Hendler and Ora Lassila},
	Journal = {Scientific American},
	Month = may,
	Number = {5},
	Pages = {34--43},
	Title = {{The Semantic Web}},
	Volume = {284},
	Year = {2001}}

@techreport{GrantBeckett:2004aa,
	Editor = {Jan Grant and Dave Beckett},
	Date-Modified = {2012-01-10 12:32:30 +0000},
	Day = 10,
	Institution = w3c,
	Month = feb,
	Title = {{RDF Test Cases}},
	Type = {{W3C Recommendation}},
	Url = {http://www.w3.org/TR/2004/REC-rdf-testcases-20040210/},
	Urldate = {2012-03-27},
	Year = {2004}}

@misc{Berners-Lee:2005aa,
	Author = {Berners-Lee, Tim},
	Howpublished = {W3C Design Issues},
	Month = aug,
	Title = {{Notation 3 Logic}},
	Url = {http://www.w3.org/DesignIssues/N3Logic},
	Urldate = {2012-03-27},
	Year = {2005}}

@article{NegriPelagattiSbattella:1991aa,
	Author = {Mauro Negri and Giuseppe Pelagatti and Licia Sbattella},
	Journal = {ACM Transactions on Database Systems},
	Number = {3},
	Pages = {513--534},
	Title = {{Formal Semantics of SQL Queries}},
	Volume = {16},
	Year = {1991}}

@article{Denning:1976aa,
	Author = {Dorothy E. Denning},
	Journal = {Communications of the ACM},
	Number = {5},
	Pages = {236--243},
	Title = {{A Lattice Model of Secure Information Flow}},
	Volume = {19},
	Year = {1976}}

@inproceedings{DietzoldAuer2006aa,
	Author = {Sebastian Dietzold and S\"oren Auer},
	Crossref = {BizerAuerMiller2006aa},
	Title = {{Access Control on RDF Triple Stores from a Semantic Wiki Perspective}}}

@proceedings{BizerAuerMiller2006aa,
	Booktitle = {{Proceedings of 2nd Workshop on Scripting for the Semantic Web at ESWC, Budva, Montenegro.}},
	Editor = {Chris Bizer and S\"oren Auer and Libby Miller},
	Month = jun,
	Volume = {183},
	Year = {2006}}

@inproceedings{AbelCoiHenze2007aa,
	Author = {Fabian Abel and Juri Luca De Coi and Nicola Henze and Arne Wolf Koesling and Daniel Krause and Daniel Olmedilla},
	Crossref = {AbererChoiNoy2007aa},
	Pages = {1--14},
	Title = {{Enabling Advanced and Context-Dependent Access Control in RDF Stores}},
	Year = {2007}}

@proceedings{AbererChoiNoy2007aa,
	Booktitle = {{The Semantic Web, 6th International Semantic Web Conference, 2nd Asian Semantic Web Conference, ISWC 2007 + ASWC 2007, Busan, Korea, November 11-15, 2007}},
	Editor = {Karl Aberer and Key-Sun Choi and Natasha Fridman Noy and Dean Allemang and Kyung-Il Lee and Lyndon J. B. Nixon and Jennifer Golbeck and Peter Mika and Diana Maynard and Riichiro Mizoguchi and Guus Schreiber and Philippe Cudr{\'e}-Mauroux},
	Publisher = {Springer},
	Volume = {4825},
	Year = {2007}}

@inproceedings{LopesBischofDecker2011aa,
	Address = {Lisbon, Portugal},
	Author = {Nuno Lopes and Stefan Bischof and Stefan Decker and Axel Polleres},
	Booktitle = {{Proceedings of the 15th Portuguese Conference on Artificial Intelligence (EPIA2011) -- Computational Logic with Applications Track}},
	Editor = {Paulo Moura and Vitor Beires Nogueira},
	Month = oct,
	Title = {{On the Semantics of Heterogeneous Querying of Relational, XML and RDF Data with XSPARQL}},
	Year = {2011}}

@techreport{Cyganiak:2005aa,
	Author = {Richard Cyganiak},
	Institution = {HP-Labs},
	Title = {{A relational algebra for SPARQL}},
	Type = {Technical Report, HPL-2005-170},
	Url = {http://www.hpl.hp.com/techreports/2005/HPL-2005-170.html},
	Urldate = {2012-03-27},
	Year = 2005}

@inproceedings{PerezArenasGutierrez:2006aa,
	Author = {Jorge P{\'e}rez and Marcelo Arenas and Claudio Guti{\'e}rrez},
	Crossref = {CruzDeckerAllemang:2006aa},
	Pages = {30--43},
	Title = {{Semantics and Complexity of SPARQL}},
	Year = {2006}}

@proceedings{CruzDeckerAllemang:2006aa,
	Booktitle = {{The Semantic Web - ISWC 2006, 5th International Semantic Web Conference, ISWC 2006, Athens, GA, USA, November 5-9, 2006, Proceedings}},
	Editor = {Isabel F. Cruz and Stefan Decker and Dean Allemang and Chris Preist and Daniel Schwabe and Peter Mika and Michael Uschold and Lora Aroyo},
	Publisher = {Springer},
	Volume = {4273},
	Year = {2006}}

@inproceedings{GutierrezHurtadoMendelzon:2004aa,
	Author = {Claudio Guti{\'e}rrez and Carlos A. Hurtado and Alberto O. Mendelzon},
	Booktitle = {{PODS}},
	Date-Modified = {2012-01-10 12:32:30 +0000},
	Pages = {95--106},
	Title = {{Foundations of Semantic Web Databases}},
	Year = {2004}}

@article{GutierrezHurtadoMendelzon:2011aa,
	Author = {Claudio Guti{\'e}rrez and Carlos A. Hurtado and Alberto O. Mendelzon and Jorge P{\'e}rez},
	Journal = {Journal of Computer and System Sciences},
	Number = {3},
	Pages = {520--541},
	Title = {{Foundations of Semantic Web databases}},
	Volume = {77},
	Year = {2011}}

@techreport{CowanTobin:2004aa,
	Editor = {John Cowan and Richard Tobin},
	Institution = {W3C},
	Month = feb,
	Title = {{XML Information Set (Second Edition)}},
	Type = {{Recommendation}},
	Url = {http://www.w3.org/TR/2004/REC-xml-infoset-20040204/},
	Urldate = {2012-03-27},
	Year = {2004}}

@article{SilberschatzKorthSudarshan:1996aa,
	Author = {Silberschatz, Avi and Korth, Henry F. and Sudarshan, S.},
	Journal = {ACM Computing Surveys},
	Month = mar,
	Number = {1},
	Pages = {105--108},
	Title = {{Data Models}},
	Volume = {28},
	Year = {1996}}

@inproceedings{LopesBischofErling:2010aa,
	Address = {Palo Alto, CA, USA},
	Author = {Nuno Lopes and Stefan Bischof and Orri Erling and Axel Polleres and Alexandre Passant and Diego Berrueta and Antonio Campos and J{\'e}r{\^o}me Euzenat and Kingsley Idehen and Stefan Decker and St{\'e}phane Corlosquet and Jacek Kopecky and Janne Saarela and Thomas Krennwallner and Davide Palmisano and Michal Zaremba},
	Booktitle = {{Proceedings of the W3C Workshop on RDF Next Steps}},
	Month = jun,
	Title = {{RDF and XML: Towards a unified query layer}},
	Year = {2010}}

@inproceedings{LopesZimmermannHogan:2010aa,
	Address = {Palo Alto, CA, USA},
	Author = {Nuno Lopes and Antoine Zimmermann and Aidan Hogan and Gergely Luk{\'a}csy and Axel Polleres and Umberto Straccia and Stefan Decker},
	Booktitle = {{Proceedings of the W3C Workshop on RDF Next Steps}},
	Month = jun,
	Title = {{RDF Needs Annotations}},
	Year = {2010}}

@article{ZimmermannLopesPolleres:2012aa,
	Author = {Antoine Zimmermann and Nuno Lopes and Axel Polleres and Umberto Straccia},
	Journal = {Web Semantics: Science, Services and Agents on the World Wide Web},
	Number = {0},
	Pages = {72--95},
	Title = {{A General Framework for Representing, Reasoning and Querying with Annotated Semantic Web Data}},
	Volume = {11},
	Year = {2012}}

@article{SnodgrassAhnAriav:1994aa,
	Author = {Richard T. Snodgrass and Ilsoo Ahn and Gad Ariav and Don S. Batory and James Clifford and Curtis E. Dyreson and Ramez Elmasri and Fabio Grandi and Christian S. Jensen and Wolfgang K{\"a}fer and Nick Kline and Krishna G. Kulkarni and T. Y. Cliff Leung and Nikos A. Lorentzos and John F. Roddick and Arie Segev and Michael D. Soo and Suryanarayana M. Sripada},
	Journal = {SIGMOD Record},
	Number = {1},
	Pages = {65--86},
	Title = {{TSQL2 Language Specification}},
	Volume = {23},
	Year = {1994}}

@inproceedings{CluetDelobelSimeon:1998aa,
	Author = {Sophie Cluet and Claude Delobel and J{\'e}r{\^o}me Sim{\'e}on and Katarzyna Smaga},
	Crossref = {HaasTiwary:1998aa},
	Pages = {177--188},
	Title = {{Your Mediators Need Data Conversion!}},
	Year = {1998}}

@proceedings{HaasTiwary:1998aa,
	Booktitle = {{SIGMOD 1998, Proceedings ACM SIGMOD International Conference on Management of Data, June 2-4, 1998, Seattle, Washington, USA}},
	Editor = {Laura M. Haas and Ashutosh Tiwary},
	Publisher = {ACM Press},
	Year = {1998}}

@inproceedings{PapakonstantinouGarcia-MolinaWidom:1995aa,
	Author = {Yannis Papakonstantinou and Hector Garcia-Molina and Jennifer Widom},
	Crossref = {YuChen:1995aa},
	Pages = {251--260},
	Title = {{Object Exchange Across Heterogeneous Information Sources}},
	Year = {1995}}

@proceedings{YuChen:1995aa,
	Booktitle = {{Proceedings of the Eleventh International Conference on Data Engineering, March 6-10, 1995, Taipei, Taiwan}},
	Editor = {Philip S. Yu and Arbee L. P. Chen},
	Publisher = {IEEE Computer Society},
	Year = {1995}}

@inproceedings{KirkLevySagiv:1995aa,
	Author = {Thomas Kirk and Alon Y. Levy and Yehoshua Sagiv and Divesh Srivastava},
	Booktitle = {{Proceedings of the AAAI 1995 Spring Symp. on Information Gathering from Heterogeneous, Distributed Enviroments}},
	Pages = {85--91},
	Title = {{The Information Manifold}},
	Year = {1995}}

@inproceedings{StonebrakerWong:1974aa,
	Address = {New York, NY, USA},
	Author = {Stonebraker, Michael and Wong, Eugene},
	Booktitle = {{Proceedings of the 1974 annual conference - Volume 1}},
	Pages = {180--186},
	Publisher = {ACM},
	Series = {ACM '74},
	Title = {{Access Control in a Relational Data Base Management System by Query Modification}},
	Year = {1974}}

@inproceedings{VimercatiSamaratiJajodia:2005aa,
	Author = {Sabrina De Capitani di Vimercati and Pierangela Samarati and Sushil Jajodia},
	Crossref = {Bhalla:2005aa},
	Pages = {225--237},
	Title = {{Policies, Models, and Languages for Access Control}},
	Year = {2005}}

@proceedings{Bhalla:2005aa,
	Booktitle = {{Databases in Networked Information Systems, 4th International Workshop, DNIS 2005, Aizu-Wakamatsu, Japan, March 28-30, 2005, Proceedings}},
	Editor = {Subhash Bhalla},
	Publisher = {Springer},
	Volume = {3433},
	Year = {2005}}

@inproceedings{Bradshaw1997,
	Author = {Bradshaw, J. M. and Dutfield, Stewart and Benoit, Pete and Woolley, J. D.},
	Booktitle = {{Software Agents}},
	Pages = {375--418},
	Title = {{KAoS: Toward an industrial-strength open agent architecture}},
	Year = {1997}}

@inproceedings{Kagal2003,
	Author = {Kagal, L. and Finin, T.},
	Booktitle = {{Proceedings POLICY 2003. IEEE 4th International Workshop on Policies for Distributed Systems and Networks}},
	Doi = {10.1109/POLICY.2003.1206958},
	Isbn = {0-7695-1933-4},
	Pages = {63--74},
	Publisher = {IEEE Computer Society},
	Title = {{A Policy Language for a Pervasive Computing Environment}},
	Year = {2003}}

@inproceedings{Bonatti2009,
	Author = {Bonatti, P. A. and {De Coi}, J. L. and Olmedilla, Daniel and Sauro, Luigi},
	Booktitle = {{Semantic techniques for the web}},
	Chapter = {4},
	Doi = {10.1007/978-3-642-04581-3\_4},
	Isbn = {3642045804},
	Pages = {201--232},
	Title = {{Rule-Based Policy Representations and Reasoning}},
	Year = {2009}}

@inproceedings{Javanmardi2006,
	Author = {Javanmardi, S and Amini, M and Jalili, R and GanjiSaffar, Y.},
	Booktitle = {{11th Nordic Workshop on Secure IT-systems (NordSec'06), Linkping, Sweden}},
	Title = {{SBAC: A Semantic Based Access Control Model}},
	Year = {2006}}

@inproceedings{Ryutov2009,
	Author = {Ryutov, Tatyana and Kichkaylo, Tatiana and Neches, Robert},
	Booktitle = {{2009 IEEE International Symposium on Policies for Distributed Systems and Networks}},
	Doi = {10.1109/POLICY.2009.11},
	Month = jul,
	Pages = {150--157},
	Publisher = {Ieee},
	Title = {{Access Control Policies for Semantic Networks}},
	Year = {2009}}

@article{Amini2010,
	Author = {Amini, M. and Jalili, R.},
	Doi = {10.1049/iet-ifs.2009.0198},
	Issn = {17518709},
	Journal = {IET Information Security},
	Number = {4},
	Pages = {301},
	Title = {{Multi-level authorisation model and framework for distributed semantic-aware environments}},
	Volume = {4},
	Year = {2010}}

@inproceedings{HollenbachPresbreyBerners-Lee:2005aa,
	Author = {James Hollenbach and Joe Presbrey and Tim Berners-Lee},
	Crossref = {TudoracheCorrendoNoy:2009aa},
	Title = {{Using RDF Metadata To Enable Access Control on the Social Semantic Web}},
	Year = {2009}}

@proceedings{TudoracheCorrendoNoy:2009aa,
	Booktitle = {{Proceedings of the Workshop on Collaborative Construction, Management and Linking of Structured Knowledge (CK2009)}},
	Editor = {Tania Tudorache and Gianluca Correndo and Natasha Noy and Harith Alani and Mark Greaves},
	Publisher = {CEUR-WS.org},
	Volume = {514},
	Year = {2009}}

@inproceedings{KnechtelStuckenschmidt:2010aa,
	Author = {Martin Knechtel and Heiner Stuckenschmidt},
	Crossref = {HitzlerLukasiewicz:2010aa},
	Pages = {73--87},
	Title = {{Query-Based Access Control for Ontologies}},
	Year = {2010}}

@proceedings{HitzlerLukasiewicz:2010aa,
	Booktitle = {{Web Reasoning and Rule Systems - Fourth International Conference, RR 2010, Bressanone/Brixen, Italy, September 22-24, 2010. Proceedings}},
	Editor = {Pascal Hitzler and Thomas Lukasiewicz},
	Publisher = {Springer},
	Volume = {6333},
	Year = {2010}}

@article{BizerHeathBerners-Lee:2009ab,
	Author = {Christian Bizer and Tom Heath and Tim Berners-Lee},
	Journal = {International Journal on Semantic Web and Information Systems},
	Number = {3},
	Pages = {1--22},
	Title = {{Linked Data - The Story So Far}},
	Volume = {5},
	Year = {2009}}

@article{Garcia-MolinaPapakonstantinouQuass:1997aa,
	Author = {Hector Garcia-Molina and Yannis Papakonstantinou and Dallan Quass and Anand Rajaraman and Yehoshua Sagiv and Jeffrey D. Ullman and Vasilis Vassalos and Jennifer Widom},
	Journal = {Journal of Intelligent Information Systems},
	Number = {2},
	Pages = {117--132},
	Title = {{The TSIMMIS Approach to Mediation: Data Models and Languages}},
	Volume = {8},
	Year = {1997}}

@misc{Berners-LeeFieldingMasinter:2005aa,
	Author = {Tim Berners-Lee and Roy T. Fielding and Larry Masinter},
	Howpublished = {RFC 3986},
	Month = jan,
	Title = {{Uniform Resource Identifier (URI): Generic Syntax}},
	Url = {http://tools.ietf.org/html/rfc3986},
	Urldate = {2012-03-27},
	Year = {2005}}

@article{BizerLehmannKobilarov:2009aa,
	Author = {Christian Bizer and Jens Lehmann and Georgi Kobilarov and S{\"o}ren Auer and Christian Becker and Richard Cyganiak and Sebastian Hellmann},
	Journal = {Journal of Web Semantics},
	Number = {3},
	Pages = {154--165},
	Title = {{DBpedia - A Crystallization Point for the Web of Data}},
	Volume = {7},
	Year = {2009}}

@article{RizzoloVaisman:2008aa,
	Author = {Flavio Rizzolo and Alejandro A. Vaisman},
	Journal = {VLDB Journal},
	Number = {5},
	Pages = {1179--1212},
	Title = {{Temporal XML: modeling, indexing, and query processing}},
	Volume = {17},
	Year = {2008}}

@inproceedings{AmagasaYoshikawaUemura:2000aa,
	Author = {Toshiyuki Amagasa and Masatoshi Yoshikawa and Shunsuke Uemura},
	Crossref = {IbrahimKungRevell:2000aa},
	Pages = {334--344},
	Title = {{A Data Model for Temporal XML Documents}},
	Year = {2000}}

@proceedings{IbrahimKungRevell:2000aa,
	Editor = {Mohamed T. Ibrahim and Josef K{\"u}ng and Norman Revell},
	Publisher = {Springer},
	Title = {{Database and Expert Systems Applications, 11th International Conference, DEXA 2000, London, UK, September 4-8, 2000, Proceedings}},
	Volume = {1873},
	Year = {2000}}

@book{Snodgrass:1999aa,
	Author = {Richard T. Snodgrass},
	Publisher = {Morgan Kaufmann},
	Title = {{Developing Time-Oriented Database Applications in SQL}},
	Year = {1999}}

@article{MaYan:2008aa,
	Author = {Z. M. Ma and Li Yan},
	Journal = {Journal of Information Science and Engineering},
	Number = {1},
	Pages = {189--202},
	Title = {{A Literature Overview of Fuzzy Database Models}},
	Volume = {24},
	Year = {2008}}

@article{MaYan:2007aa,
	Author = {Z. M. Ma and Li Yan},
	Journal = {Data \& Knowledge Engineering},
	Number = {3},
	Pages = {972--996},
	Title = {{Fuzzy XML data modeling with the UML and relational data models}},
	Volume = {63},
	Year = {2007}}

@inproceedings{YanMaLiu:2009aa,
	Author = {Li Yan and Z. M. Ma and Jian Liu},
	Crossref = {ShinOssowski:2009aa},
	Pages = {1563--1567},
	Title = {{Fuzzy data modeling based on XML Schema}},
	Year = {2009}}

@proceedings{ShinOssowski:2009aa,
	Editor = {Sung Y. Shin and Sascha Ossowski},
	Publisher = {ACM},
	Title = {{Proceedings of the 2009 ACM Symposium on Applied Computing (SAC), Honolulu, Hawaii, USA, March 9-12, 2009}},
	Year = {2009}}

@inproceedings{LvMaYan:2008aa,
	Author = {Yanhui Lv and Z. M. Ma and Li Yan},
	Crossref = {:2008ab},
	Pages = {1439--1445},
	Title = {{Fuzzy RDF: A Data Model to Represent Fuzzy Metadata}},
	Year = {2008}}

@proceedings{:2008ab,
	Booktitle = {{FUZZ-IEEE 2008, IEEE International Conference on Fuzzy Systems, Hong Kong, China, 1-6 June, 2008, Proceedings}},
	Publisher = {IEEE},
	Year = {2008}}

@book{SilberschatzKorthSudarshan:2005aa,
	Author = {Abraham Silberschatz and Henry F. Korth and S. Sudarshan},
	Publisher = {McGraw-Hill Book Company},
	Title = {{Database System Concepts, 5th Edition}},
	Year = {2005}}

@inproceedings{GaoSnodgrass:2003aa,
	Author = {Dengfeng Gao and Richard T. Snodgrass},
	Booktitle = {{VLDB}},
	Pages = {632--643},
	Title = {{Temporal Slicing in the Evaluation of XML Queries}},
	Year = {2003}}

@article{GottlobKochPichler:2005aa,
	Author = {Georg Gottlob and Christoph Koch and Reinhard Pichler},
	Journal = {ACM Transactions on Database Systems},
	Number = {2},
	Pages = {444--491},
	Title = {{Efficient algorithms for processing XPath queries}},
	Volume = {30},
	Year = {2005}}

@inproceedings{Widom:2005aa,
	Author = {Jennifer Widom},
	Booktitle = {{CIDR}},
	Pages = {262--276},
	Title = {{Trio: A System for Integrated Management of Data, Accuracy, and Lineage}},
	Year = {2005}}

@article{CuiWidomWiener:2000aa,
	Author = {Yingwei Cui and Jennifer Widom and Janet L. Wiener},
	Journal = {ACM Transactions on Database Systems},
	Number = {2},
	Pages = {179--227},
	Title = {{Tracing the Lineage of View Data in a Warehousing Environment}},
	Volume = {25},
	Year = {2000}}

@inproceedings{WoodruffStonebraker:1997aa,
	Author = {Allison Woodruff and Michael Stonebraker},
	Crossref = {GrayLarson:1997aa},
	Pages = {91--102},
	Title = {{Supporting Fine-grained Data Lineage in a Database Visualization Environment}},
	Year = {1997}}

@proceedings{GrayLarson:1997aa,
	Editor = {W. A. Gray and Per-{\AA}ke Larson},
	Publisher = {IEEE Computer Society},
	Title = {{Proceedings of the Thirteenth International Conference on Data Engineering, April 7-11, 1997 Birmingham U.K}},
	Year = {1997}}

@misc{LopesPolleres:2011aa,
	Author = {Nuno Lopes and Axel Polleres},
	Howpublished = {2011 Semantic Technology Conference},
	Month = {06},
	Title = {{Integrating RDF and XML with XSPARQL}},
	Url = {http://semtech2011.semanticweb.com/sessionPop.cfm?confid=62&proposalid=3897},
	Urldate = {2012-03-27},
	Year = {2011}}

@inproceedings{Beckett:2010aa,
	Address = {Palo Alto, CA, USA},
	Author = {David Beckett},
	Booktitle = {{Proceedings of the W3C Workshop on RDF Next Steps}},
	Date-Added = {2012-04-11 18:32:12 +0000},
	Date-Modified = {2012-04-11 18:34:28 +0000},
	Month = jun,
	Title = {{RDF Syntaxes 2.0}},
	Url = {http://www.w3.org/2009/12/rdf-ws/papers/ws11},
	Urldate = {2012-03-27},
	Year = {2010}}

@inproceedings{SimeonWadler:2003aa,
	Author = {J{\'e}r{\^o}me Sim{\'e}on and Philip Wadler},
	Booktitle = {{Proceedings of the 30th ACM SIGPLAN-SIGACT Symposium on Principles of Programming Languages}},
	Pages = {1--13},
	Title = {{The Essence of XML}},
	Year = {2003}}

@inproceedings{Codd:1980aa,
	Author = {E. F. Codd},
	Crossref = {DBLP:conf/sigmod/80p},
	Pages = {112--114},
	Title = {{Data Models in Database Management}},
	Year = {1980}}

@proceedings{DBLP:conf/sigmod/80p,
	Editor = {Michael L. Brodie and Stephen N. Zilles},
	Number = {2},
	Publisher = {ACM Press},
	Title = {{Proceedings of the Workshop on Data Abstraction, Databases and Conceptual Modelling, Pingree Park, Colorado, June 23-26, 1980}},
	Volume = {11},
	Year = {1981}}

@article{McGee:1976aa,
	Author = {William C. McGee},
	Journal = {ACM Transactions on Database Systems},
	Number = {4},
	Pages = {370--387},
	Title = {{On User Criteria for Data Model Evaluation}},
	Volume = {1},
	Year = {1976}}

@inproceedings{HayesGutierrez:2004aa,
	Author = {Jonathan Hayes and Claudio Guti{\'e}rrez},
	Crossref = {McIlraithPlexousakisHarmelen:2004aa},
	Pages = {47--61},
	Title = {{Bipartite Graphs as Intermediate Model for RDF}},
	Year = {2004}}

@proceedings{McIlraithPlexousakisHarmelen:2004aa,
	Editor = {Sheila A. McIlraith and Dimitris Plexousakis and Frank van Harmelen},
	Publisher = {Springer},
	Title = {{The Semantic Web - ISWC 2004: Third International Semantic Web Conference,Hiroshima, Japan, November 7-11, 2004. Proceedings}},
	Volume = {3298},
	Year = {2004}}

@article{DoanHalevy:2005aa,
	Author = {AnHai Doan and Alon Y. Halevy},
	Journal = {AI Magazine},
	Number = {1},
	Pages = {83--94},
	Title = {{Semantic Integration Research in the Database Community: A Brief Survey}},
	Volume = {26},
	Year = {2005}}

@inproceedings{HalevyRajaramanOrdille:2006aa,
	Author = {Alon Y. Halevy and Anand Rajaraman and Joann J. Ordille},
	Crossref = {DBLP:conf/vldb/2006},
	Pages = {9--16},
	Title = {{Data Integration: The Teenage Years}},
	Year = {2006}}

@article{AnglesGutierrez:2008ab,
	Author = {Renzo Angles and Claudio Guti{\'e}rrez},
	Journal = {ACM Computing Surveys},
	Number = {1},
	Title = {{Survey of Graph Database Models}},
	Volume = {40},
	Year = {2008}}

@inproceedings{ZieglerDittrich:2004aa,
	Author = {Patrick Ziegler and Klaus R. Dittrich},
	Crossref = {Jacquart:2004aa},
	Pages = {3--12},
	Title = {{Three Decades of Data Integration - All Problems Solved?}},
	Year = {2004}}

@proceedings{Jacquart:2004aa,
	Editor = {Ren{\'e} Jacquart},
	Publisher = {Kluwer},
	Title = {{Building the Information Society, IFIP 18th World Computer Congress, Topical Sessions, 22-27 August 2004, Toulouse, France}},
	Year = {2004}}

@inproceedings{HalevyAshishBitton:2005aa,
	Author = {Alon Y. Halevy and Naveen Ashish and Dina Bitton and Michael J. Carey and Denise Draper and Jeff Pollock and Arnon Rosenthal and Vishal Sikka},
	Crossref = {Ozcan:2005aa},
	Pages = {778--787},
	Title = {{Enterprise Information Integration: Successes, Challenges and Controversies}},
	Year = {2005}}

@proceedings{Ozcan:2005aa,
	Editor = {Fatma {\"O}zcan},
	Publisher = {ACM},
	Title = {{Proceedings of the ACM SIGMOD International Conference on Management of Data, Baltimore, Maryland, USA, June 14-16, 2005}},
	Year = {2005}}

@misc{Musser:2011aa,
	Author = {John Musser},
	Howpublished = {2011 Semantic Technology Conference},
	Month = {06},
	Title = {{Open APIs \& the Semantic Web: State of the Market}},
	Url = {http://semtech2011.semanticweb.com/sessionPop.cfm?confid=62&proposalid=3803},
	Urldate = {2012-03-27},
	Year = {2011}}

@inproceedings{DraperHalevyWeld:2001ab,
	Author = {Denise Draper and Alon Y. Halevy and Daniel S. Weld},
	Crossref = {DBLP:conf/icde/2001},
	Pages = {155--160},
	Title = {{The Nimble XML Data Integration System}},
	Year = {2001}}

@proceedings{DBLP:conf/icde/2001,
	Editor = {Dimitrios Georgakopoulos and Alexander Buchmann},
	Publisher = {IEEE Computer Society},
	Title = {{Proceedings of the 17th International Conference on Data Engineering, April 2-6, 2001, Heidelberg, Germany}},
	Year = {2001}}

@inproceedings{DraperHalevyWeld:2001aa,
	Author = {Denise Draper and Alon Y. Halevy and Daniel S. Weld},
	Booktitle = {{SIGMOD Conference}},
	Pages = {567--568},
	Title = {{The Nimble Integration Engine}},
	Year = 2001}

@inproceedings{BaruGuptaLudascher:1999aa,
	Author = {Chaitanya K. Baru and Amarnath Gupta and Bertram Lud{\"a}scher and Richard Marciano and Yannis Papakonstantinou and Pavel Velikhov and Vincent Chu},
	Crossref = {DBLP:conf/sigmod/99},
	Pages = {597--599},
	Title = {{XML-Based Information Mediation with MIX}},
	Year = {1999}}

@proceedings{DBLP:conf/sigmod/99,
	Editor = {Alex Delis and Christos Faloutsos and Shahram Ghandeharizadeh},
	Publisher = {ACM Press},
	Title = {{SIGMOD 1999, Proceedings ACM SIGMOD International Conference on Management of Data, June 1-3, 1999, Philadelphia, Pennsylvania, USA}},
	Year = {1999}}

@inproceedings{ManolescuFlorescuKossmann:2001aa,
	Author = {Ioana Manolescu and Daniela Florescu and Donald Kossmann},
	Crossref = {ApersAtzeniCeri:2001aa},
	Pages = {241--250},
	Title = {{Answering XML Queries on Heterogeneous Data Sources}},
	Year = {2001}}

@proceedings{ApersAtzeniCeri:2001aa,
	Editor = {Peter M. G. Apers and Paolo Atzeni and Stefano Ceri and Stefano Paraboschi and Kotagiri Ramamohanarao and Richard T. Snodgrass},
	Publisher = {Morgan Kaufmann},
	Title = {{VLDB 2001, Proceedings of 27th International Conference on Very Large Data Bases, September 11-14, 2001, Roma, Italy}},
	Year = {2001}}

@inproceedings{YuPopa:2004aa,
	Author = {Cong Yu and Lucian Popa},
	Crossref = {DBLP:conf/sigmod/2004},
	Pages = {371--382},
	Title = {{Constraint-Based XML Query Rewriting For Data Integration}},
	Year = {2004}}

@proceedings{DBLP:conf/sigmod/2004,
	Editor = {Gerhard Weikum and Arnd Christian K{\"o}nig and Stefan De{\ss}loch},
	Publisher = {ACM},
	Title = {{Proceedings of the ACM SIGMOD International Conference on Management of Data, Paris, France, June 13-18, 2004}},
	Year = {2004}}

@book{ISO:1986:SGML,
	Address = {Geneva, Switzerland},
	Author = {ISO},
	Month = aug,
	Publisher = {International Organization for Standardization},
	Title = {{ISO 8879:1986}: {Information} processing --- {Text} and office systems --- {Standard Generalized Markup Language} ({SGML})},
	Year = {1986}}

@inproceedings{AnglesGutierrez:2011aa,
	Author = {Renzo Angles and Claudio Guti{\'e}rrez},
	Crossref = {BarceloTannen:2011aa},
	Title = {{Subqueries in SPARQL}},
	Year = {2011}}

@proceedings{BarceloTannen:2011aa,
	Editor = {Pablo Barcel{\'o} and Val Tannen},
	Publisher = {CEUR-WS.org},
	Title = {{Proceedings of the 5th Alberto Mendelzon International Workshop on Foundations of Data Management, Santiago, Chile, May 9-12, 2011}},
	Volume = {749},
	Year = {2011}}

@article{AbiteboulQuassMcHugh:1997aa,
	Author = {Serge Abiteboul and Dallan Quass and Jason McHugh and Jennifer Widom and Janet L. Wiener},
	Journal = {International Journal on Digital Libraries},
	Number = {1},
	Pages = {68--88},
	Title = {{The Lorel Query Language for Semistructured Data}},
	Volume = {1},
	Year = {1997}}

@inproceedings{BunemanDavidsonHillebrand:1996aa,
	Author = {Peter Buneman and Susan B. Davidson and Gerd G. Hillebrand and Dan Suciu},
	Crossref = {DBLP:conf/sigmod/96},
	Pages = {505--516},
	Title = {{A Query Language and Optimization Techniques for Unstructured Data}},
	Year = {1996}}

@proceedings{DBLP:conf/sigmod/96,
	Editor = {H. V. Jagadish and Inderpal Singh Mumick},
	Publisher = {ACM Press},
	Title = {{Proceedings of the 1996 ACM SIGMOD International Conference on Management of Data, Montreal, Quebec, Canada, June 4-6, 1996}},
	Year = {1996}}

@inproceedings{AgrawalBenjellounSarma:2006aa,
	Author = {Parag Agrawal and Omar Benjelloun and Anish Das Sarma and Chris Hayworth and Shubha U. Nabar and Tomoe Sugihara and Jennifer Widom},
	Crossref = {DBLP:conf/vldb/2006},
	Pages = {1151--1154},
	Title = {{Trio: A System for Data, Uncertainty, and Lineage}},
	Year = {2006}}

@article{ArenasKantereKementsietsidis:2003aa,
	Author = {Marcelo Arenas and Vasiliki Kantere and Anastasios Kementsietsidis and Iluju Kiringa and Ren{\'e}e J. Miller and John Mylopoulos},
	Journal = {SIGMOD Record},
	Number = {3},
	Pages = {53--58},
	Title = {{The Hyperion Project: From Data Integration to Data Coordination}},
	Volume = {32},
	Year = {2003}}

@inproceedings{AbiteboulBenjellounMilo:2002aa,
	Author = {Serge Abiteboul and Omar Benjelloun and Tova Milo},
	Crossref = {DBLP:conf/wise/2002-1},
	Pages = {3--6},
	Title = {{Web services and data integration}},
	Year = {2002}}

@proceedings{DBLP:conf/wise/2002-1,
	Editor = {Tok Wang Ling and Umeshwar Dayal and Elisa Bertino and Wee Keong Ng and Angela Goh},
	Publisher = {IEEE Computer Society},
	Title = {{3rd International Conference on Web Information Systems Engineering (WISE 2002), 12-14 December 2002, Singapore, Proceedings}},
	Year = {2002}}

@article{ShethLarson:1990aa,
	Author = {Amit P. Sheth and James A. Larson},
	Journal = {ACM Computing Surveys},
	Number = {3},
	Pages = {183--236},
	Title = {{Federated Database Systems for Managing Distributed, Heterogeneous, and Autonomous Databases}},
	Volume = {22},
	Year = {1990}}

@article{BenjellounSarmaHalevy:2008aa,
	Author = {Omar Benjelloun and Anish Das Sarma and Alon Y. Halevy and Martin Theobald and Jennifer Widom},
	Journal = {VLDB Journal},
	Number = {2},
	Pages = {243--264},
	Title = {{Databases with uncertainty and lineage}},
	Volume = {17},
	Year = {2008}}

@article{Swartz:2002aa,
	Author = {Aaron Swartz},
	Journal = {IEEE Intelligent Systems},
	Number = {1},
	Pages = {76--77},
	Title = {{MusicBrainz: A Semantic Web Service}},
	Volume = {17},
	Year = {2002}}

@inproceedings{GohMadnickSiegel:1994aa,
	Address = {New York, NY, USA},
	Author = {Goh, Cheng Hian and Madnick, Stuart E. and Siegel, Michael D.},
	Booktitle = {{Proceedings of the third international conference on Information and knowledge management}},
	Pages = {337--346},
	Publisher = {ACM},
	Series = {CIKM '94},
	Title = {{Context Interchange: Overcoming the Challenges of Large-Scale Interoperable Database Systems in a Dynamic Environment}},
	Year = {1994}}

@article{Wiederhold:1992aa,
	Author = {Gio Wiederhold},
	Journal = {IEEE Computer},
	Number = {3},
	Pages = {38--49},
	Title = {{Mediators in the Architecture of Future Information Systems}},
	Volume = {25},
	Year = {1992}}

@book{Lloyd:1987aa,
	Author = {John W. Lloyd},
	Publisher = {Springer},
	Title = {{Foundations of Logic Programming, 2nd Edition}},
	Year = {1987}}

@article{BernsteinHaas:2008aa,
	Author = {Philip A. Bernstein and Laura M. Haas},
	Journal = {Communications of the ACM},
	Number = {9},
	Pages = {72--79},
	Title = {{Information Integration in the Enterprise}},
	Volume = {51},
	Year = {2008}}

@article{BizerSchultz:2009aa,
	Author = {Christian Bizer and Andreas Schultz},
	Journal = {International Journal on Semantic Web and Information Systems},
	Number = {2},
	Pages = {1--24},
	Title = {{The Berlin SPARQL Benchmark}},
	Volume = {5},
	Year = {2009}}

@inproceedings{VrandecicDenglerRudolph:2005aa,
	Author = {Denny Vrandecic and Frank Dengler and Sebastian Rudolph and Michael Erdmann},
	Crossref = {KagalLassilaFinin:2009aa},
	Title = {{RDF Syntax Normalization Using XML Validation}},
	Year = {2005}}

@proceedings{KagalLassilaFinin:2009aa,
	Editor = {Lalana Kagal and Ora Lassila and Tim Finin},
	Publisher = {CEUR-WS.org},
	Title = {{Proceedings of the SemRUs 2009: Semantics for the Rest of Us -- Variants of Semantic Web Languages in the Real World}},
	Volume = {521},
	Year = {2009}}

@article{EisenbergMelton:2004aa,
	Author = {Andrew Eisenberg and Jim Melton},
	Journal = {SIGMOD Record},
	Number = {3},
	Pages = {79--86},
	Title = {{Advancements in SQL/XML}},
	Volume = {33},
	Year = {2004}}

@article{GrustRittingerTeubner:2008aa,
	Author = {Torsten Grust and Jan Rittinger and Jens Teubner},
	Journal = {IEEE Data Engineering Bulletin},
	Number = {4},
	Pages = {7--14},
	Title = {{Pathfinder: XQuery Off the Relational Shelf}},
	Volume = {31},
	Year = {2008}}

@article{Patel-SchneiderSimeon:2003aa,
	Author = {Peter F. Patel-Schneider and J{\'e}r{\^o}me Sim{\'e}on},
	Journal = {IEEE Transactions on Knowledge and Data Engineering},
	Number = {4},
	Pages = {797--812},
	Title = {{The Yin/Yang Web: A Unified Model for XML Syntax and RDF Semantics}},
	Volume = {15},
	Year = {2003}}

@inproceedings{GrustSakrTeubner:2004aa,
	Author = {Torsten Grust and Sherif Sakr and Jens Teubner},
	Crossref = {NascimentoOzsuKossmann:2004aa},
	Pages = {252--263},
	Title = {{XQuery on SQL Hosts}},
	Year = {2004}}

@proceedings{NascimentoOzsuKossmann:2004aa,
	Editor = {Mario A. Nascimento and M. Tamer {\"O}zsu and Donald Kossmann and Ren{\'e}e J. Miller and Jos{\'e} A. Blakeley and K. Bernhard Schiefer},
	Publisher = {Morgan Kaufmann},
	Title = {{(e)Proceedings of the Thirtieth International Conference on Very Large Data Bases, Toronto, Canada, August 31 - September 3 2004}},
	Year = {2004}}

@article{Snodgrass:1990aa,
	Author = {Richard T. Snodgrass},
	Journal = {SIGMOD Record},
	Number = {4},
	Pages = {83--89},
	Title = {{Temporal Databases - Status and Research Directions}},
	Volume = {19},
	Year = {1990}}

@article{Navathe:1992aa,
	Author = {Shamkant B. Navathe},
	Journal = {Communications of the ACM},
	Number = {9},
	Pages = {112--123},
	Title = {{Evolution of Data Modeling for Databases}},
	Volume = {35},
	Year = {1992}}

@inproceedings{WiederholdFriesWeyl:1975aa,
	Author = {Gio Wiederhold and James F. Fries and Stephen Weyl},
	Crossref = {DBLP:conf/afips/1975},
	Pages = {479--485},
	Title = {{Structured organization of clinical data bases}},
	Year = {1975}}

@proceedings{DBLP:conf/afips/1975,
	Publisher = {AFIPS Press},
	Title = {{American Federation of Information Processing Societies: 1975 National Computer Conference, 19-22 May 1975, Anaheim, CA, USA}},
	Volume = {44},
	Year = {1975}}

@inproceedings{LopesKirraneZimmermann:2012aa,
	Address = {Dagstuhl, Germany},
	Author = {Nuno Lopes and Sabrina Kirrane and Antoine Zimmermann and Axel Polleres and Alessandra Mileo},
	Booktitle = {{Technical Communications of the 28th International Conference on Logic Programming (ICLP'12)}},
	Editor = {Agostino Dovier and V{\'\i}tor Santos Costa},
	Pages = {381--392},
	Publisher = {Schloss Dagstuhl--Leibniz-Zentrum fuer Informatik},
	Series = {Leibniz International Proceedings in Informatics (LIPIcs)},
	Title = {{A Logic Programming approach for Access Control over RDF}},
	Volume = {17},
	Year = {2012}}

@inproceedings{Kepser:2004aa,
	Author = {Stephan Kepser},
	Booktitle = {{Extreme Markup Languages{\textregistered}}},
	Crossref = {DBLP:conf/extreme/2004},
	Title = {{A Simple Proof for the Turing-Completeness of XSLT and XQuery}},
	Year = {2004}}

@proceedings{DBLP:conf/extreme/2004,
	Title = {{Proceedings of the Extreme Markup Languages{\textregistered} 2004 Conference, 2-6 August 2004, Montr{\'e}al, Quebec, Canada}},
	Year = {2004}}

@incollection{ArenasGutierrezPerez:2009ab,
	Author = {Marcelo Arenas and Claudio Guti{\'e}rrez and Jorge P{\'e}rez},
	Crossref = {VirgilioGiunchigliaTanca:2009aa},
	Pages = {281--307},
	Title = {{On the Semantics of SPARQL}},
	Year = {2009}}

@book{VirgilioGiunchigliaTanca:2009aa,
	Editor = {Roberto De Virgilio and Fausto Giunchiglia and Letizia Tanca},
	Publisher = {Springer},
	Title = {{Semantic Web Information Management - A Model-Based Perspective}},
	Year = {2009}}

@article{BonattiHoganPolleres:2011aa,
	Author = {Piero A. Bonatti and Aidan Hogan and Axel Polleres and Luigi Sauro},
	Journal = {Journal of Web Semantics},
	Number = {2},
	Pages = {165--201},
	Title = {{Robust and scalable Linked Data reasoning incorporating provenance and trust annotations}},
	Volume = {9},
	Year = {2011}}

@inproceedings{StoryHarbulotJacobi:2009aa,
	Author = {Henry Story and Bruno Harbulot and Ian Jacobi and Mike Jones},
	Crossref = {HausenblasKargerOlmedilla:2009aa},
	Title = {{FOAF+SSL: RESTful Authentication for the Social Web}},
	Year = {2009}}

@proceedings{HausenblasKargerOlmedilla:2009aa,
	Address = {Heraklion, Greece},
	Month = jun,
	Publisher = {CEUR-WS.org},
	Title = {{Proceedings of the First Workshop on Trust and Privacy on the Social and Semantic Web (SPOT2009)}},
	Year = {2009}}

@techreport{SpornyInksterStory:2011aa,
	Author = {Manu Sporny and Toby Inkster and Henry Story and Bruno Harbulot and Reto Bachmann-Gm{\"u}r},
	Date-Modified = {2012-01-10 12:32:30 +0000},
	Day = 29,
	Editor = {Henry Story and St{\'e}phane Corlosquet},
	Institution = {{W3C}},
	Month = nov,
	Title = {{WebID 1.0 - Web Identification and Discovery}},
	Type = {{W3C} Working Draft},
	Url = {http://www.w3.org/2005/Incubator/webid/spec/drafts/ED-webid-20111212/},
	Urldate = {2012-09-24},
	Year = 2011}

@incollection{Stephens:2007aa,
	Author = {Susie Stephens},
	Booktitle = {{The Semantic Web: Real-World Applications from Industry}},
	Crossref = {CardosoHeppLytras:2007aa},
	Pages = {17--37},
	Title = {{The Enterprise Semantic Web}},
	Year = {2007}}

@book{CardosoHeppLytras:2007aa,
	Editor = {Jorge Cardoso and Martin Hepp and Miltiadis D. Lytras},
	Publisher = {Springer},
	Series = {Semantic Web And Beyond Computing for Human Experience},
	Title = {{The Semantic Web: Real-World Applications from Industry}},
	Volume = {6},
	Year = {2007}}

@misc{KnublauchHendlerIdehen:2011aa,
	Author = {Holger Knublauch and James A. Hendler and Kingsley Idehen},
	Day = 22,
	Month = feb,
	Note = {{W3C Member Submission}},
	Title = {{SPIN - Overview and Motivation}},
	Url = {http://www.w3.org/Submission/2011/SUBM-spin-overview-20110222/},
	Urldate = {2012-03-27},
	Year = 2011}

@inproceedings{TaoSirinBao:2010aa,
	Author = {Jiao Tao and Evren Sirin and Jie Bao and Deborah L. McGuinness},
	Crossref = {FoxPoole:2010aa},
	Title = {{Integrity Constraints in OWL}},
	Year = {2010}}

@proceedings{DBLP:conf/vldb/2006,
	Editor = {Umeshwar Dayal and Kyu-Young Whang and David B. Lomet and Gustavo Alonso and Guy M. Lohman and Martin L. Kersten and Sang Kyun Cha and Young-Kuk Kim},
	Publisher = {ACM},
	Title = {{Proceedings of the 32nd International Conference on Very Large Data Bases, Seoul, Korea, September 12-15, 2006}},
	Year = {2006}}

@proceedings{FoxPoole:2010aa,
	Booktitle = {{Proceedings of the Twenty-Fourth AAAI Conference on Artificial Intelligence, AAAI 2010, Atlanta, Georgia, USA, July 11-15, 2010}},
	Editor = {Maria Fox and David Poole},
	Publisher = {AAAI Press},
	Year = {2010}}

@proceedings{AroyoAntoniouHyvonen:2010aa,
	Booktitle = {{The Semantic Web: Research and Applications, 7th Extended Semantic Web Conference, ESWC 2010, Heraklion, Crete, Greece, May 30 - June 3, 2010, Proceedings, Part I}},
	Date-Modified = {2012-01-10 12:32:30 +0000},
	Editor = {Lora Aroyo and Grigoris Antoniou and Eero Hyv{\"o}nen and Annette ten Teije and Heiner Stuckenschmidt and Liliana Cabral and Tania Tudorache},
	Publisher = {{Springer}},
	Volume = {6088},
	Year = {2010}}


@article{BischofDeckerKrennwallner:2012aa,
	Author = {Bischof, Stefan and Decker, Stefan and Krennwallner, Thomas and Lopes, Nuno and Polleres, Axel},
	Journal = {Journal on Data Semantics},
	Pages = {147--185},
	Title = {{Mapping between RDF and XML with XSPARQL}},
	Volume = {1},
	Year = {2012}}


@article{OroRuffoloStaab:2010aa,
	Author = {Ermelinda Oro and Massimo Ruffolo and Steffen Staab},
	Journal = {PVLDB},
	Number = {2},
	Pages = {129-140},
	Title = {{SXPath - Extending XPath towards Spatial Querying on Web Documents}},
	Volume = {4},
	Year = {2010}}


@techreport{HitzlerKrotzschParsia:2009aa,
	Editor = {Pascal Hitzler and Markus Kr\"otzsch and Bijan Parsia and Peter F. Patel-Schneider and Sebastian Rudolph},
	Institution = {{W3C}},
	Month = oct,
	Title = {{OWL 2 Web Ontology Language Primer}},
	Type = {{W3C Recommendation}},
	Url = {http://www.w3.org/TR/2009/REC-owl2-primer-20091027/},
	Urldate = {2012-09-18},
	Year = {2009}}



@inproceedings{PerryJainSheth:2011aa,
	Author = {Matthew Perry and Prateek Jain and Amit P. Sheth},
	Booktitle = {{Geospatial Semantics and the Semantic Web}},
	Crossref = {AshishSheth:2011aa},
	Pages = {61-86},
	Title = {{SPARQL-ST: Extending SPARQL to Support Spatiotemporal Queries}},
	Year = {2011}}


@book{AshishSheth:2011aa,
	Editor = {Naveen Ashish and Amit P. Sheth},
	Publisher = {Springer},
	Series = {Semantic Web And Beyond Computing for Human Experience},
	Title = {{Geospatial Semantics and the Semantic Web - Foundations, Algorithms, and Applications}},
	Volume = {12},
	Year = {2011}}


@inproceedings{KoubarakisKyzirakos:2010aa,
	Author = {Manolis Koubarakis and Kostis Kyzirakos},
	Crossref = {AroyoAntoniouHyvonen:2010aa},
	Pages = {425-439},
	Title = {{Modeling and Querying Metadata in the Semantic Sensor Web: The Model stRDF and the Query Language stSPARQL}},
	Year = {2010}}

@techreport{GlimmOgbuji:2012aa,
	Editor = {Birte Glimm and Chimezie Ogbuji},
	Institution = {{W3C}},
	Month = jan,
	Title = {{SPARQL 1.1 Entailment Regimes}},
	Type = {{W3C} Working Draft},
	Url = {http://www.w3.org/TR/2012/WD-sparql11-entailment-20120105/},
	Urldate = {2012-03-27},
	Year = 2012}


@techreport{BelhajjameDeusGarijo:2012aa,
	Author = {Khalid Belhajjame and Helena Deus and Daniel Garijo and Graham Klyne and Paolo Missier and Stian Soiland-Reyes and Stephan Zednik},
	Day = 24,
	Editor = {Yolanda Gil and Simon Miles},
	Institution = {{W3C}},
	Month = jul,
	Title = {{PROV Model Primer}},
	Type = {{W3C} Working Draft},
	Url = {http://www.w3.org/TR/2012/WD-prov-primer-20120724/},
	Urldate = {2012-09-24},
	Year = 2012}

